3232 5262
825 335 914 389 XXIV

290 492 409 576 gaudae
426 493 578 572 videntur,
601 515 669 556 cum
689 492 750 554 veri
768 491 980 554 similitudinis
1001 491 1133 576 speciem
1150 511 1221 573 prae
1237 513 1269 554 so
1285 512 1345 555 uon
1359 492 1454 574 ferat,

290 617 387 680 usque
410 595 449 660 ad
472 617 500 660 a.
524 597 588 660 ‘200
610 597 671 658 lere
695 615 722 659 a.
745 595 814 658 thr.
839 593 864 658 Υ
886 601 917 656 et
939 592 992 659 ΟΥ
1014 593 1180 677 scripturas
1203 595 1376 658 fluctuasse.

353 697 525 762 Attamen
551 707 600 761 sat
628 705 677 761 est
702 697 826 761 difficile
849 703 990 761 accurate
1013 696 1139 760 delinire
1162 697 1342 777 terminum,
1366 698 1455 762 ultra

291 821 384 884 quem
406 801 559 886 scriptura
581 800 733 864 vetustior
747 799 953 884 quadratariis
972 820 1031 863 non
1055 798 1213 884 placuerit,
1237 820 1306 863 cum
1329 800 1361 863 in
1384 823 1454 866 me-

291 901 361 966 diae
384 904 497 968 aetatis
525 903 733 968 monumentis
760 921 819 966 non
845 900 976 985 liqueat,
1007 909 1111 965 utrum
1136 899 1162 964 Υ
1189 900 1294 966 littera
1320 903 1352 966 in
1381 905 1455 968 soni

291 1005 416 1088 genuini
444 1028 463 1070 u
491 1027 530 1070 an
561 1006 592 1069 in
620 1003 755 1088 vulgaris
783 1009 805 1068 ii
833 1004 896 1068 vim
924 1004 966 1068 sit
991 1003 1179 1087 accipienda.
1228 1005 1345 1069 Vemm
1378 1029 1453 1072 cum

292 1114 410 1172 constet
440 1107 497 1172 has
524 1109 637 1172 formas
664 1107 727 1170 iam
754 1105 826 1169 iude
855 1106 894 1170 ab
925 1127 952 1170 a.
976 1107 1039 1172 370
1061 1127 1088 1170 a.
1112 1105 1181 1170 Chr.
1210 1107 1247 1170 de
1274 1109 1453 1194 principatu

290 1219 424 1275 certasse
446 1211 534 1294 (vide
557 1211 605 1274 tit.
622 1211 664 1275 65
687 1230 779 1294 supra
802 1209 1021 1293 memoratum)
1044 1209 1178 1295 primum
1205 1229 1265 1274 non
1296 1217 1343 1275 est
1368 1213 1453 1276 veri-

291 1312 408 1392 simile,
436 1313 525 1377 illam
552 1313 721 1398 scripturae
747 1312 983 1396 ambiguitatem
1004 1313 1157 1396 integrum
1179 1313 1337 1378 saeculnm
1359 1337 1453 1400 supe-

290 1435 388 1494 rasse3
411 1416 483 1480 dein
505 1439 522 1480 e
545 1417 705 1481 titulomm
725 1435 865 1479 sermone
888 1415 965 1478 alias
987 1416 1100 1480 formas
1123 1415 1265 1498 vulgares
1287 1422 1342 1480 aut
1363 1437 1453 1481 aver-

291 1517 373 1581 santi
400 1525 454 1582 aut
482 1519 667 1583 adsciscenti
695 1518 733 1582 de
759 1517 785 1582 Υ
811 1518 932 1580 litterae
959 1517 990 1582 vi
1018 1538 1054 1581 ac
1080 1517 1254 1599 significatu
1280 1517 1452 1582 admodum

292 1627 409 1684 certum
433 1621 468 1684 fic
494 1621 655 1685 iudicium.
700 1623 766 1698 Qua
788 1620 826 1684 dc
849 1641 951 1699 causa,
978 1640 1056 1703 quae
1085 1620 1176 1684 huius
1204 1620 1371 1705 scripturae
1398 1643 1451 1685 ex·

291 1722 394 1807 empla
424 1731 547 1787 exstant
573 1723 605 1787 in
632 1725 680 1787 tit.
703 1724 743 1788 16
764 1722 852 1786 Orch.
881 1744 979 1806 neque
1007 1743 1097 1786 sonos
1126 1721 1268 1805 vulgares
1290 1723 1379 1808 plane
1403 1745 1452 1788 re-

290 1825 414 1910 spuenti
437 1825 607 1909 eodemque
630 1835 752 1911 praeter
773 1847 793 1888 u
816 1846 926 1888 sonum
949 1849 995 1888 cco
1011 1825 1165 1889 novicium
1189 1825 1239 1889 hic
1262 1825 1325 1888 illic
1348 1831 1452 1889 osten-

291 1928 376 1992 denti
399 1928 486 2011 (vide
502 1929 583 2012 tab.)
605 1929 718 1992 formas
741 1927 884 2009 vulgares
907 1927 1020 1990 habere
1043 1927 1124 1991 licet.
1163 1927 1222 2003 Qui
1245 1926 1356 1990 titulus
1379 1949 1453 1991 cum

291 2030 372 2094 inter
398 2051 426 2095 a.
450 2033 630 2096 221—205
652 2051 680 2094 a.
704 2029 773 2094 Chr.
803 2029 981 2113 exsculptus
1008 2029 1063 2108 sit,
1091 2050 1128 2092 ea
1154 2028 1266 2092 saltem
1293 2035 1396 2093 aetate
1425 2030 1453 2094 Υ

208 2150 210 2153 ’
290 2132 428 2197 litteram
456 2133 496 2198 ad
519 2133 754 2216 significandum
782 2133 945 2216 pristinum
972 2153 1080 2195 sonum
1108 2132 1170 2194 iam
1197 2152 1258 2195 non
1279 2132 1373 2196 fuisse
1396 2132 1453 2195 ad-

290 2235 426 2299 hibitam
453 2235 596 2300 cernitur.
641 2238 740 2313 Quam
766 2234 864 2298 multo
890 2241 961 2298 ante
989 2235 1068 2297 banc
1095 2239 1231 2297 aetatem
1254 2232 1307 2299 ΟΥ
1327 2233 1453 2299 litterae

290 2337 316 2402 Υ
337 2345 494 2402 vetustam
517 2339 705 2423 expulerint,
727 2337 811 2402 haud
834 2357 930 2419 aeque
953 2336 1145 2420 perspicitur.
1182 2337 1247 2400 Nec
1269 2343 1374 2401 tamen
1397 2358 1453 2402 an-

289 2461 365 2504 num
392 2441 528 2505 maxime
560 2442 624 2506 250
646 2462 673 2505 a.
698 2441 769 2505 Chr.
801 2447 938 2503 veterem
968 2437 1122 2502 scribendi
1153 2459 1271 2503 morem
1304 2440 1453 2506 excedere

289 2549 338 2607 est
360 2543 529 2628 probabile.

809 2730 839 2784 b)
863 2724 936 2782 tot.

376 2855 511 2920 Labente
538 2859 641 2917 aetate
671 2853 704 2915 in
726 2876 760 2914 cu
787 2850 854 2915 soni
881 2849 983 2913 locum
1005 2885 1048 2895 -
1070 2855 1101 2913 et
1123 2849 1206 2932 longi
1229 2857 1261 2914 et
1282 2852 1385 2917 brevis
1410 2889 1454 2900 —-

290 2981 334 3021 reu
360 2986 396 3012 =
417 2960 467 3040 joe
491 2956 683 3020 adulterinus
706 2953 863 3038 subrepsit
877 2952 911 3035 ¹).
953 2953 1051 3028 Quem
1073 2971 1183 3015 sonum
1205 2953 1455 3042 imprimis'post

289 3083 315 3136 ν,
338 3064 356 3122 l
379 3067 411 3124 et
433 3058 573 3122 dentalcs
596 3078 747 3122 consonas
769 3059 796 3131 δ,
817 3079 844 3131 τ,
868 3055 887 3117 ll
909 3054 1010 3118 locum
1034 3053 1146 3117 habere
1169 3056 1321 3141 exemplis
1342 3080 1454 3144 propc-

289 3163 358 3227 sitis
381 3161 605 3226 demonstravit
627 3161 754 3224 Meister
775 3157 923 3222 Fleckeis.
941 3177 1012 3220 ann.
1028 3155 1048 3218 l.
1066 3177 1091 3219 c.
1115 3180 1144 3243 p.
1161 3159 1224 3223 523
1247 3157 1298 3242 [cf.
1317 3161 1452 3244 ,griecb

289 3263 452 3329 Dialelrte“
477 3285 506 3349 p.
523 3261 670 3347 233sq.].

355 3365 525 3430 l'orissime
549 3365 587 3429 de
610 3365 741 3445 ratione,
768 3365 891 3450 quando
913 3383 948 3428 oe
970 3369 1114 3450 ponatur,
1137 3363 1260 3447 quando
1282 3389 1338 3444 reu,
1360 3365 1454 3431 Beer-

289 3489 383 3532 mann
399 3469 419 3532 l.
437 3491 462 3532 c.
488 3489 517 3552 p.
533 3469 590 3547 bl,
618 3467 676 3531 hoc
703 3469 874 3553 proferens:
903 3469 1075 3553 promiscue
1105 3491 1140 3529 ου
1168 3475 1200 3530 et
1228 3491 1273 3530 reo
1295 3471 1449 3554 usurpari.

288 3571 347 3648 Qui
369 3571 395 3634 si
419 3571 476 3634 lroc
499 3570 589 3635 dicit:
615 3571 723 3650 „Unde
747 3572 891 3654 equidem
915 3591 975 3634 non
991 3569 1178 3650 collegerim,
1201 3591 1234 3632 re
1249 3591 1323 3633 vera
1338 3569 1452 3636 Orcho

289 3673 406 3737 monins
430 3681 487 3736 etc.
516 3672 572 3736 tali
599 3674 856 3757 pronuntiationis
885 3672 1093 3736 inconstantia
1120 3692 1191 3734 usos
1214 3693 1281 3735 esse
1303 3672 1393 3754 (Ahr.
1410 3674 1451 3753 Il,

288 3775 380 3859 olo),
413 3774 467 3838 scd
500 3775 664 3860 scriptores
696 3775 799 3859 potius
830 3775 1086 3858 aequabilitatem
1113 3775 1282 3859 scripturae
1310 3796 1372 3839 non
1399 3799 1451 3840 cu·

287 3881 393 3943 rassc“
417 3913 459 3922 —
483 3877 627 3960 equidem
655 3877 700 3940 ita
727 3878 829 3963 potius
856 3876 1058 3941 iudicandum
1085 3897 1212 3940 censeo:
1240 3899 1276 3942 eo
1301 3885 1451 3965 tempore,

288 4003 349 4066 quo
376 4005 410 4044 co
439 3989 470 4044 et
500 4004 545 4044 reu
572 3981 745 4065 promiscue
774 3980 806 4042 in
835 3979 991 4064 lapidibus
1019 3987 1146 4041 exarata
1179 3988 1352 4061 occurrant,
1384 3983 1452 4046 fieri
1498 3997 1508 4012 ·

286 4105 349 4148 non
371 4083 525 4167 potuisse,
548 4083 622 4166 quin
645 4084 740 4146 etiam
764 4083 796 4145 in
819 4082 903 4164 vulgi
926 4101 1095 4143 sermonem
1119 4106 1163 4143 rce
1185 4084 1339 4147 recentius
1362 4085 1394 4148 in
1418 4109 1451 4148 cu

287 4186 467 4248 vetustioris
489 4185 591 4249 locum
614 4207 647 4248 se
669 4185 825 4248 insinuare
847 4184 1011 4268 inciperet,
1043 4191 1079 4244 nt
1104 4183 1296 4266 aliquamdiu
1329 4186 1361 4249 bi
1384 4189 1452 4252 soni

288 4286 326 4348 de
349 4285 524 4370 principatu
546 4287 772 4352 dimicaverint.
818 4285 852 4349 Si
879 4286 961 4350 enim
990 4286 1179 4368 quadratarii
1203 4287 1260 4350 has
1282 4290 1397 4352 formas
1420 4291 1452 4353 in

362 4507 381 4572 ¹)
399 4507 464 4576 oej
483 4510 623 4575 pamsiriee
642 4512 670 4562 in
689 4523 753 4562 voce
770 4506 854 4566 -δοτις
874 4529 905 4550 =
925 4507 1008 4568 -ζοτος
1025 4508 1085 4560 vide
1104 4525 1130 4576 p.
1143 4509 1298 4577 xxviiia).
