3232 5262
239 1598 291 1690 De
314 1624 446 1688 dialecto
468 1622 614 1687 Boeotico
638 1623 786 1708 peculiari
813 1623 1072 1688 commentatione
1096 1624 1305 1692 disseruerunt

143 1733 178 1796 E.
194 1731 403 1796 Beermann
416 1730 450 1793 in
465 1729 501 1793 G.
518 1729 616 1793 Curtii
633 1729 785 1809 „Studien
800 1751 854 1793 zur
868 1729 980 1813 griech.
996 1730 1061 1794 und
1075 1731 1129 1796 lot.
1145 1731 1302 1797 Gramm.“

143 1834 199 1898 IX.
236 1832 363 1918 Leipzig
379 1833 472 1898 1876.
488 1854 539 1917 pp.
557 1832 685 1911 1-86,
712 1831 751 1896 Α.
773 1831 932 1896 Fuehrer
957 1833 990 1896 in
1017 1834 1233 1900 dissertatione
1259 1837 1305 1900 in·

145 1936 287 2021 augurali
312 1935 477 2018 Gottingae
505 1934 612 1998 eodem
641 1955 720 1998 anno
742 1935 823 1999 foras
846 1935 929 1999 data.
973 1936 1032 2013 Qui
1053 1937 1113 2000 viri
1134 1936 1218 2001 docti
1239 1938 1306 2002 uni-

105 2071 107 2076 ·
145 2060 271 2106 versam
294 2038 443 2102 sermonis
466 2037 676 2102 condicionem
698 2043 791 2122 atque
818 2037 955 2102 indolem
977 2037 1215 2121 diligentissima
1235 2062 1305 2105 eum

143 2163 218 2207 cura
241 2146 483 2220 enarraverunt3
505 2139 713 2204 mutationum
735 2161 812 2224 quas
835 2140 986 2204 dialectus
1005 2141 1037 2203 in
1059 2147 1233 2227 temporum
1255 2143 1307 2207 dc-

143 2265 237 2310 cursu
259 2244 458 2322 contraxerit,
480 2242 564 2306 haud
583 2263 680 2327 acque
696 2243 846 2307 rationem
862 2243 1044 2307 habuerunt.
1061 2280 1102 2290 -
1118 2244 1182 2308 llas
1198 2245 1305 2310 adum-

143 2347 233 2412 brare
267 2345 388 2410 studuit
420 2346 456 2408 R.
484 2344 658 2425 Meister,
693 2345 775 2425 „Zur
807 2344 1005 2429 Chrouologie
1039 2345 1093 2410 des
1126 2347 1306 2414 bfiotischen

143 2449 363 2516 Vocalismus“
386 2447 420 2510 in
440 2447 631 2511 Fleckeiscni
653 2465 726 2512 ann.
751 2448 843 2513 1879.
866 2469 918 2533 pp.
934 2449 1106 2515 513-526
1120 2451 1153 2534 ¹).
1197 2453 1305 2538 Neque

142 2572 218 2618 vero
242 2573 320 2636 quas
343 2551 470 2615 dialecti
492 2549 623 2614 diversis
651 2551 805 2616 aetatibus
828 2549 978 2614 subierint
999 2571 1143 2617 sonorum
1165 2561 1305 2621 attenua-

143 2654 246 2718 tiones
274 2659 306 2716 et
333 2653 541 2738 corruptiones
570 2674 624 2738 pro
650 2660 732 2717 certo
759 2652 922 2716 adfirmare
949 2651 1039 2732 licet,
1072 2655 1134 2718 nisi
1162 2665 1304 2723 accurate

144 2755 273 2820 definito
295 2756 443 2840 temporis
465 2756 576 2841 spatio,
600 2776 660 2839 quo
682 2755 894 2839 unusquisqne
915 2754 1026 2818 titulus
1045 2754 1143 2840 lapidi
1165 2758 1308 2824 videatur

145 2878 215 2923 esse
237 2856 364 2921 incisus.
406 2858 561 2934 Quaeres
584 2857 708 2921 omnino
729 2857 832 2942 posita
854 2857 961 2921 estin
983 2857 1181 2923 titulorum
1202 2859 1307 2926 litte-

143 2965 289 3038 ratura,
313 2957 351 3022 in
372 2959 529 3024 dialecti
551 2959 784 3040 condicione,
807 2959 845 3022 in
866 2959 1109 3042 argumentis.

232 3061 335 3144 Atque
362 3060 576 3152 litterarum
602 3060 734 3125 formis
760 3061 793 3123 in
817 3060 977 3125 titulorum
1004 3067 1107 3126 aetate
1132 3063 1308 3148 indaganda

144 3171 179 3228 et
200 3163 375 3227 Beermann
398 3170 429 3227 et
450 3162 588 3230 Fuehrer
611 3163 727 3226 mirum
754 3169 903 3246 quantum
929 3164 1103 3228 tribuerunt
1129 3171 1161 3230 et
1182 3167 1309 3231 Meister

147 3266 229 3347 „Die
257 3265 501 3329 inschriltlichcn
528 3265 657 3342 Quellcn
684 3265 738 3328 des
768 3264 948 3329 bdotischen
974 3265 1136 3329 Dialelrts“
1164 3267 1196 3330 in
1219 3268 1308 3348 „Bei-

144 3373 235 3450 trige
262 3389 317 3432 nur
337 3366 449 3432 Kunde
480 3367 534 3430 det
557 3367 726 3450 indogcrm.
751 3366 938 3452 Sprechen“.
962 3367 1056 3432 1880.
1078 3367 1108 3430 V
1130 3389 1181 3453 pp.
1198 3369 1307 3433 185—

145 3471 221 3537 238.
245 3467 299 3533 Vl.
321 3491 372 3555 pp.
391 3469 504 3533 1-66
529 3468 610 3533 hanc
630 3489 771 3532 normam
798 3475 921 3533 secutus
948 3475 1048 3534 totum
1070 3469 1232 3534 titulorum
1253 3493 1308 3535 nu-

144 3593 269 3637 memm
301 3571 334 3634 in
367 3571 488 3636 ordines
521 3571 658 3654 digerere
691 3570 883 3656 periclitatus
910 3578 966 3635 cst.
990 3607 1032 3617 -
1060 3571 1178 3636 Verum
1204 3579 1308 3637 tamen

144 3693 332 3758 magnopore
373 3673 517 3757 equidem
550 3693 670 3753 vercor,
710 3693 749 3736 ne
784 3671 866 3736 iusto
898 3674 998 3756 magis
1031 3673 1072 3736 ad
1103 3672 1308 3739 litteraturam

145 3775 352 3860 respicientes
373 3774 435 3840 viri
457 3774 540 3839 docti
563 3795 582 3838 a
603 3781 688 3840 recta
711 3775 762 3839 via
780 3774 981 3839 deducantur.
1018 3775 1204 3840 Litterarum
1226 3777 1308 3840 enim

146 3878 228 3944 ratio
251 3897 346 3960 qnam
369 3876 412 3940 sit
432 3897 515 3941 vana
536 3883 630 3960 atque
654 3876 814 3960 ambigua,
841 3877 874 3940 in
900 3876 1000 3940 titulis
1023 3877 1186 3961 praecipue
1208 3884 1309 3941 aetate

147 3979 351 4045 Macedonica
377 3979 537 4059 conlectis,
567 4016 608 4025 -
635 4001 706 4044 eum
732 3998 794 4042 non
819 4000 972 4063 nusquam
1000 3979 1033 4041 in
1055 3998 1118 4042 una
1139 3979 1309 4063 eademque

146 4082 351 4168 inscriptione
378 4081 483 4146 variae
517 4081 642 4146 obviam
670 4082 748 4146 fient
773 4080 947 4144 litterarum
973 4081 1089 4144 formae
1118 4116 1158 4124 -
1185 4086 1235 4144 sat
1261 4087 1310 4145 est

220 4298 253 4368 [¹)
273 4298 324 4363 Qui
349 4301 418 4354 idem
436 4301 584 4369 nuperrime
602 4301 725 4355 Ahrensii
748 4302 815 4355 libro
842 4302 889 4367 „de
908 4300 1022 4354 Graecae
1045 4299 1152 4368 linguae
1175 4301 1309 4355 dialectis“

147 4389 224 4441 nisus
243 4387 415 4441 dialectorcm
433 4389 590 4442 Graecamm
615 4391 731 4441 omnium
755 4389 935 4442 condicionem
954 4387 1039 4439 denno
1059 4403 1178 4440 enarrare
1196 4390 1311 4456 suscepit

147 4476 217 4528 libro
242 4474 301 4540 „die
323 4477 504 4544 griechischen
521 4475 655 4528 Dialelrte“
676 4476 822 4544 Gittingen
847 4475 927 4539 18823
953 4473 985 4526 de
1007 4473 1164 4530 Boeotorum
1193 4492 1311 4530 sermone

149 4577 232 4630 agens
249 4562 327 4614 roll
344 4577 389 4629 pp.
403 4560 563 4629 eol-286]

1081 4662 1110 4714 a*
