3232 5262
853 375 932 428 xxn

316 534 502 598 Graecorum
541 555 630 598 aures
667 553 727 596 non
762 533 876 596 lavisse
915 539 1048 612 constet,
1086 529 1268 615 saepissime
1301 529 1391 613 plane
1426 549 1480 591 ne-

316 637 434 721 glectus
457 644 515 701 est.

399 739 455 804 Est
469 760 551 820 vero,
569 739 623 804 ubi
639 762 670 802 αι
684 757 777 801 sonus
792 736 915 800 etiamsi
930 743 1002 802 ante
1017 737 1141 803 vocales
1156 737 1276 823 positus
1291 737 1356 802 vim
1372 736 1480 820 genui-

315 863 387 906 nam
404 842 550 921 servarit,
574 847 610 906 ut
629 839 794 926 posteriore
809 845 945 924 tempore
960 839 993 903 in
1008 864 1027 924 η
1044 839 1086 904 sit
1101 845 1255 920 mutatus3
1277 838 1359 902 unde
1374 839 1425 917 fit,
1445 844 1483 902 ut

316 944 479 1008 delabente
507 949 708 1034 aetataaute
729 942 852 1007 voealss
874 940 915 1006 Al
937 940 982 1026 (aj
1005 941 1115 1022 intell,
1142 963 1212 1006 eum
1235 946 1309 1006 tune
1329 941 1482 1026 temporis

316 1068 402 1112 mera
432 1045 641 1131 diphthongus
663 1045 696 1108 in
717 1068 737 1128 η
760 1043 900 1126 abierit),
933 1069 953 1108 α
979 1044 1119 1128 (extruso
1149 1065 1261 1130 nempe
1285 1047 1298 1129 j
1329 1043 1431 1126 sono),
1459 1067 1480 1128 η

316 1152 369 1234 (ex
391 1174 422 1214 ar
437 1148 627 1234 diphthongo
642 1146 855 1229 attenuatum)
869 1146 1042 1232 promiscue
1057 1146 1257 1233 reperiantur.
1291 1147 1361 1210 Nee-
1370 1151 1482 1210 tamen

317 1253 413 1318 ullam
444 1253 476 1316 in
503 1250 552 1315 his
579 1250 739 1335 scripturis
767 1249 868 1332 legem
894 1257 988 1333 atque
1014 1249 1222 1314 constantiam
1248 1247 1481 1334 deprehendere

316 1357 399 1422 lieet
445 1357 482 1419 el.
509 1351 679 1437 Ταναγρῆος
705 1353 762 1432 65,
792 1376 823 1426 ar,
837 1375 869 1416 ar.
896 1351 1074 1436 Ταναγραῖος
1102 1373 1132 1416 v.
1160 1353 1212 1416 25.
1257 1352 1419 1422 Πλαταεῖος
1447 1357 1482 1416 et
1593 1389 1599 1406 .

318 1459 434 1523 similia
456 1475 686 1541 saepenumero.
1167 1483 1170 1490 .
1379 1538 1384 1547 Ι

404 1559 538 1623 Easdem
564 1559 626 1622 fere
648 1557 837 1622 mutationes
859 1563 931 1620 ante
954 1556 1075 1621 vocales
1098 1557 1200 1642 posita
1221 1556 1319 1621 subiit
1340 1579 1368 1620 οι
1390 1557 1482 1644 diph-

318 1664 460 1746 thongus.
506 1661 627 1724 Tamen
658 1659 692 1723 id
726 1659 914 1723 discriminis
947 1659 1112 1724 intercedit
1137 1660 1219 1723 inter
1239 1683 1270 1723 αι
1299 1665 1332 1723 et
1357 1683 1386 1723 er
1412 1662 1483 1726 soni

319 1763 580 1840 attenuationem,
614 1761 695 1846 quod
721 1799 762 1808 —
790 1783 863 1825 eum
888 1787 919 1825 αι
947 1762 1114 1845 genuinum
1140 1772 1172 1826 et
1191 1762 1224 1825 in
1246 1764 1275 1846 α]
1299 1768 1332 1826 et
1352 1763 1385 1825 in
1407 1787 1428 1826 α
1449 1771 1484 1827 et

318 1869 351 1932 in
376 1891 397 1951 η
425 1865 538 1930 abierit
571 1900 613 1910 -
645 1887 672 1926 αι
706 1863 896 1949 diphthongo
929 1865 1117 1928 mutationes
1149 1869 1275 1928 tantum
1306 1864 1340 1927 in
1371 1867 1397 1948 ej
1429 1866 1482 1948 (eo
1606 1931 1607 1946 ,

318 1990 430 2053 nempe
464 1973 617 2052 tempore,
651 1985 712 2049 quo
743 1987 833 2030 omne
860 1990 887 2029 οι
913 1967 984 2031 inu
1011 1957 1173 2052 delapsum
1195 1971 1258 2046 est,
1286 1964 1325 2031 01
1347 1967 1480 2049 litterae,

318 2073 372 2137 ubi
399 2072 431 2134 in
453 2069 554 2133 titulis
577 2075 749 2148 oeourrant,
777 2090 839 2134 non
860 2070 894 2134 in
916 2094 944 2134 er
966 2092 1069 2134 merae
1092 2069 1289 2155 diphthongi,
1318 2069 1430 2133 sedin
1452 2075 1480 2156 ej

232 2160 233 2164 ¹
319 2176 386 2240 soni
413 2171 580 2237 adulterini
606 2171 672 2235 vim
695 2171 890 2257 accipiendas
912 2193 994 2252 esse,
1022 2179 1182 2257 procerte
1205 2172 1369 2236 adfirmare
1390 2173 1481 2258 lieet)

318 2286 350 2343 et
377 2303 393 2340 o
420 2275 512 2359 (elisa
535 2276 548 2358 j
577 2273 724 2356 consona)
750 2275 914 2339 adamatae
938 2276 1062 2339 luerunt
1090 2275 1279 2358 eaedemque
1305 2275 1481 2359 promiscue

318 2380 486 2447 adhibitae.

404 2480 469 2547 TOl
503 2481 660 2562 voculam,
699 2481 754 2545 ubi
785 2481 910 2545 obviam
940 2481 997 2545 fiat
1028 2482 1062 2545 in
1094 2479 1242 2563 catalogis
1279 2480 1482 2562 militaribus,

317 2589 350 2652 in
380 2587 425 2650 τοΐ
456 2587 510 2671 (=
540 2584 612 2667 rorO
644 2584 709 2648 vim
743 2605 810 2648 esse
849 2584 1061 2668 accipiendam
1094 2603 1194 2666 neque
1227 2583 1273 2645 τοί
1306 2583 1482 2666 significare

315 2691 388 2755 inde
411 2688 617 2768 concluditur,
646 2687 728 2770 quod
757 2687 790 2750 in
815 2687 915 2750 titulis
942 2685 1120 2750 recentioris
1149 2685 1261 2748 aetatis
1291 2707 1414 2770 semper
1435 2687 1485 2748 τυί

316 2795 415 2858 forma
441 2792 506 2856 iota
532 2789 774 2854 demonstrativo
797 2789 951 2875 praedita,
979 2809 1138 2873 nunquam
1160 2788 1293 2872 simplex
1314 2789 1349 2852 td
1372 2788 1481 2873 depre-

319 2895 474 2958 henditur.

396 2995 509 3060 Contra
534 2993 567 3058 in
595 2993 738 3058 omnibus
766 2995 862 3058 etiam
889 2995 1014 3059 infimae
1037 2993 1149 3057 aetatis
1171 2993 1272 3058 titulis
1295 2993 1482 3058 Boeotorum

316 3120 429 3164 nomen
452 3097 561 3163 Βοιωτ-
583 3118 705 3182 semper
725 3117 825 3182 neque
847 3118 996 3182 umquam
1018 3095 1117 3161 Booua-
1139 3096 1291 3182 seriptum
1312 3095 1436 3179 legitur.

509 3402 574 3467 III.
617 3403 667 3467 De
687 3425 711 3466 a
731 3401 772 3486 (Υ
773 3449 782 3480 ,
805 3400 873 3485 ΟΥ)
893 3422 967 3464 sono
987 3403 1024 3463 ia
1046 3423 1091 3464 me
1113 3401 1288 3486 depravate.

819 3575 849 3638 a)
871 3569 901 3638 Υ,
920 3569 971 3626 ΟΥ.

400 3717 441 3780 Et
455 3716 587 3805 Boeotos
608 3721 640 3780 et
654 3714 790 3778 Lacones
812 3736 833 3778 u
854 3733 964 3778 sonum
980 3713 1147 3797 genuinum
1163 3716 1337 3798 retinuisse,
1361 3725 1481 3786 eeteros

315 3819 449 3883 Graecos
478 3817 511 3880 in
538 3821 559 3880 ii
586 3817 766 3881 debilitasse
800 3816 911 3882 doeent
939 3819 1134 3901 grammatici
1150 3819 1183 3902 ¹).
1232 3821 1290 3898 Qui
1323 3843 1417 3886 sonus
1446 3825 1481 3888 in

315 3921 416 3986 titulis
442 3919 663 3985 vetustioribus
685 3941 740 4005 per
762 3919 859 3983 solam
880 3919 906 3982 Υ
927 3919 1074 4000 litteram,
1097 3922 1129 3984 in
1150 3923 1371 3988 recentioribus
1394 3947 1480 3991 more

315 4030 485 4088 ceterorum
508 4022 694 4086 Graecorum
716 4045 772 4109 per
794 4020 846 4087 ΟΥ
868 4021 1001 4106 scriptus
1023 4024 1188 4088 invenitur.
1296 4063 1304 4072 κ

377 4126 474 4190 Cuius
497 4125 667 4210 scripturae
691 4123 872 4188 mutationis
895 4144 1004 4188 ansam
1020 4126 1192 4190 Beermann
1206 4127 1227 4191 l.
1244 4150 1270 4192 e.
1285 4128 1365 4194 hane
1380 4131 1478 4196 fuisse

313 4228 372 4292 ait:
402 4228 496 4312 „quia
523 4226 727 4312 appetebant,
760 4232 796 4290 ut
826 4225 859 4288 in
885 4226 1058 4292 litterarum
1088 4231 1390 4314 pronuntiationibus
1417 4234 1479 4298 sibi

314 4329 491 4394 eonveniret
513 4350 582 4393 eum
599 4329 724 4422 Atticis,
748 4349 879 4413 quorum
900 4327 952 4394 ΟΥ
974 4351 1010 4394 eo
1033 4331 1159 4413 quidem
1180 4339 1319 4418 tempore
1340 4335 1405 4400 iam
1429 4361 1478 4420 po-

385 4547 404 4614 1)
423 4546 536 4615 Meister,
557 4545 670 4620 ,grie'eh
690 4549 824 4602 Dialelrto“
844 4549 857 4602 Ι
874 4565 901 4619 p.
914 4549 1001 4619 231¹).
1038 4551 1151 4618 (dhrens
1169 4552 1193 4604 ll
1209 4569 1236 4622 p.
1251 4552 1383 4624 laosqqa
