3232 5262
843 475 848 485 .
876 401 911 453 ll'

315 557 488 642 expositum
517 578 535 620 a
564 557 638 620 viris
665 555 703 618 de
732 577 763 619 re
790 555 987 640 epigraphica
1013 555 1130 619 Graeca
1163 555 1279 640 optime
1306 558 1425 621 meritis
1442 558 1477 640 ¹).

315 661 448 736 Quorum
471 660 504 722 in
525 667 628 743 partes
650 679 706 741 ego
729 665 811 722 totus
834 657 927 731 abeo;
956 678 1144 742 quamquam
1168 679 1227 722 non
1256 659 1283 721 is
1310 681 1395 739 sum,
1422 662 1477 744 qui

315 761 346 826 in
372 763 549 826 universum
573 760 663 846 plane
686 761 838 842 negarim,
866 761 962 824 etiarn
985 773 1055 845 post
1077 781 1190 824 novam
1212 760 1421 826 litteraturam
1443 763 1476 826 in

314 885 403 928 usum
428 871 581 948 receptam
605 884 672 926 esse
696 881 773 944 quas
796 863 968 926 litterarum
983 863 1169 926 mutationes
1192 862 1361 927 admodum
1383 865 1477 928 certis

314 967 407 1030 liceat
430 965 603 1030 adscribere
626 971 798 1050 temporum
821 966 941 1050 spatiis.
975 964 1122 1029 Idunum
1146 986 1236 1048 nego:
1260 986 1355 1049 quam
1377 967 1476 1030 multo

314 1075 472 1153 postcom
497 1075 649 1146 aetatem,
676 1088 737 1150 qna
768 1067 940 1131 litterarum
971 1067 1082 1130 ductus
1109 1067 1176 1132 sive
1199 1067 1231 1130 hi
1254 1068 1320 1132 sive
1342 1068 1390 1131 illi
1412 1070 1476 1132 sint

313 1171 462 1256 usurpati,
486 1169 615 1235 confecti
637 1169 700 1232 sint
722 1169 826 1248 tituli,
850 1169 911 1233 nisi
933 1169 1050 1232 ratione
1073 1169 1276 1251 grammatica
1297 1169 1361 1234 ullo
1383 1171 1475 1236 modo

313 1293 402 1358 posse
418 1272 631 1337 demonstrari.
655 1308 691 1318 -
718 1271 848 1336 Accedit
868 1271 949 1356 quod
965 1271 1138 1336 litterarum
1154 1271 1304 1352 ductuum
1326 1294 1474 1358 persaepe

313 1375 353 1438 ab
383 1375 427 1439 eis
454 1376 507 1459 qui
535 1375 761 1460 descripsemnt
787 1394 897 1458 pamm
923 1373 1002 1437 ratio
1030 1383 1078 1438 est
1099 1374 1222 1454 habita,
1250 1381 1287 1437 ut
1313 1374 1346 1438 in
1373 1376 1473 1440 titulis

313 1477 474 1561 permultis
503 1497 582 1560 quae
609 1476 783 1540 litterarum
809 1475 927 1560 species
955 1475 995 1540 ab
1023 1476 1120 1540 altero
1141 1476 1318 1556 tradantur,
1345 1476 1473 1542 alterius

312 1578 487 1665 apographo
510 1578 731 1664 improbentur.
769 1578 836 1654 Qua
859 1577 897 1642 dc
920 1598 1014 1642 causa
1035 1579 1216 1664 priusquam
1238 1578 1277 1643 de
1299 1579 1473 1644 litterarum

312 1681 429 1760 formis,
452 1681 559 1764 quales
582 1681 717 1744 maxime
740 1679 870 1744 diversis
886 1680 1078 1764 temporibus
1093 1681 1126 1744 in
1140 1681 1272 1746 diversis
1287 1680 1474 1747 Graecorum

313 1783 493 1848 civitatibus
516 1783 718 1862 obtinuerint,
746 1783 859 1847 certius
882 1789 1017 1846 statuere
1045 1782 1152 1862 liceat,
1178 1782 1212 1846 id
1234 1805 1359 1848 summa
1381 1806 1474 1870 opera

311 1885 479 1950 curandum
503 1893 564 1962 est,
592 1893 628 1949 ut
656 1885 748 1950 certis
770 1884 953 1971 apographis
975 1883 1026 1948 vel
1049 1884 1168 1969 ectypis
1191 1884 1356 1950 titulorum
1378 1887 1488 1972 scrip.

310 1997 396 2052 turae
418 1987 662 2072 suppeditentur.

394 2089 497 2153 llinus
524 2111 543 2153 a
569 2099 653 2153 recta
677 2090 729 2154 via
755 2089 982 2167 aberrabimus,
1016 2089 1176 2154 titulorum
1203 2111 1411 2155 sermonem
1442 2091 1470 2154 si

309 2213 474 2276 sequemur
496 2193 616 2256 ducem.
662 2191 803 2275 Namque
826 2193 857 2255 in
880 2192 982 2276 aprico
1005 2199 1053 2255 est
1075 2193 1220 2276 positum,
1243 2193 1410 2258 firmiorem
1434 2215 1472 2258 ac

309 2296 500 2359 stabiliorem
534 2315 629 2378 quam
661 2294 833 2358 litterarum
865 2316 957 2358 usum
991 2294 1116 2358 dialecti
1148 2315 1215 2358 esse
1249 2296 1470 2361 condicionem.

309 2399 412 2481 Atque
443 2403 530 2477 sunt,
563 2397 616 2480 qui
648 2397 756 2460 titulos
787 2397 870 2460 haud
902 2418 1015 2481 paucos
1045 2398 1083 2461 ad
1111 2398 1306 2481 antiquitatis
1333 2401 1470 2484 speciem

309 2501 494 2584 compositos
510 2500 712 2580 contendant3
735 2501 908 2563 litterarum
928 2499 957 2561 ei
972 2499 1077 2563 frauda
1093 2499 1223 2586 decepti.
1269 2502 1348 2565 Mihi
1364 2510 1470 2567 contra

308 2605 383 2667 haec
413 2609 477 2666 stat
500 2603 668 2666 sententia:
697 2603 858 2666 titulorum
882 2639 922 2646 -
945 2602 1076 2666 Graecos
1099 2603 1168 2666 dico
1193 2641 1229 2650 -
1255 2605 1309 2687 qui
1331 2611 1468 2670 aetatem

306 2707 433 2770 tulerint
454 2728 616 2769 numerum
644 2707 694 2770 vel
721 2706 856 2769 maxime
879 2706 1024 2786 exiguum
1047 2705 1216 2770 dialectum
1239 2706 1385 2770 exhibere
1407 2729 1469 2771 non

306 2831 385 2887 eam,
409 2829 487 2891 quae
510 2809 622 2890 quibus
645 2807 797 2890 lapicidae
819 2808 933 2870 luerint
956 2807 1156 2892 temporibus,
1179 2809 1211 2870 in
1233 2809 1339 2893 populi
1363 2810 1468 2874 oribus

305 2911 447 2993 viguerit.
493 2911 557 2972 Nec
586 2910 612 2971 si
640 2909 763 2992 quando
786 2909 948 2991 pristinam
975 2911 1123 2974 sermonis
1151 2911 1286 2994 speciem
1308 2911 1467 2996 lapidibus

305 3016 439 3081 incidere
467 3012 569 3076 conati
600 3019 672 3073 sunt
706 3012 903 3094 quadratam,
938 3014 1075 3075 fecerunt
1105 3013 1246 3097 impune3
1280 3014 1334 3077 sed
1363 3052 1404 3060 —
1432 3024 1468 3079 ut

304 3116 554 3184 eranthemines
577 3113 693 3176 indocti
717 3114 891 3177 -formas
919 3115 984 3177 suis
1012 3115 1138 3177 auribus
1166 3121 1328 3179 consuetas
1355 3117 1466 3200 priscis

303 3221 582 3286 intermiscuerunt.
627 3217 735 3298 ltaque
763 3217 1025 3299 quotienscunque
1049 3216 1224 3280 litteratura
1246 3239 1315 3280 cum
1338 3218 1466 3282 dialecti

303 3325 405 3409 specie
437 3341 572 3405 pugnare
605 3318 727 3381 videtur
754 3356 794 3363 -
820 3319 880 3380 nisi
908 3319 981 3401 quin
1016 3318 1115 3381 multo
1143 3319 1268 3382 demum
1296 3325 1367 3404 post
1395 3343 1465 3385 eam

302 3433 452 3502 aetatem,
482 3444 543 3506 qua
570 3421 624 3484 illa
650 3421 799 3484 sermonis
827 3421 945 3504 species
973 3420 1123 3502 riguerit,
1152 3421 1184 3483 in
1210 3443 1302 3484 usum
1324 3424 1466 3487 venerint

301 3530 474 3593 litterarum
495 3528 624 3603 formae,
652 3523 735 3586 nullo
763 3522 854 3586 modo
877 3522 1018 3585 dubitare
1041 3523 1177 3585 licet-
1200 3523 1313 3587 rectius
1337 3525 1465 3589 dialecti

303 3653 397 3715 quam
419 3629 593 3693 litterarum
615 3626 828 3689 testimonium
851 3646 1023 3707 sequemur.

386 3731 566 3796 Certissima
593 3729 632 3791 ad
658 3727 819 3790 titulorum
847 3733 982 3789 aetatem
1009 3725 1219 3809 indagandam
1247 3727 1363 3792 indicia
1390 3737 1464 3794 sunt

299 3839 526 3919 argumenta.
572 3831 639 3906 Qua
660 3830 692 3893 in
715 3851 747 3892 re
770 3829 801 3891 id
825 3828 875 3892 vel
897 3827 1032 3891 maxime
1056 3835 1104 3891 est
1126 3828 1302 3909 dolendum,
1325 3832 1407 3914 quod
1430 3833 1463 3895 in

299 3937 489 4022 argumentis
513 3935 590 3999 adeo
612 3932 718 4018 paucis
741 3938 824 3994 certa
846 3932 919 3995 licet
942 3930 1169 4016 deprehendere
1192 3932 1304 3996 aetatis
1319 3935 1461 4018 vestigia.

298 4041 414 4104 Verum
441 4040 493 4103 vix
521 4036 736 4113 metuendum,
765 4055 803 4096 ne
826 4055 845 4096 a
867 4035 950 4097 iusta
972 4034 1025 4098 via
1047 4032 1216 4096 deerraturi
1239 4034 1346 4113 simus
1370 4037 1397 4099 si
1421 4038 1462 4101 ad

369 4211 389 4273 l)
406 4211 473 4262 Vide
490 4210 619 4262 Boeckh
637 4209 666 4259 in
683 4207 816 4275 prooemio
833 4205 888 4256 ind.
907 4205 987 4256 schol.
1005 4206 1107 4257 hibern.
1124 4204 1210 4256 Berol.
1225 4203 1290 4256 1821
1304 4222 1331 4274 p.
1344 4205 1369 4258 3.
1407 4209 1461 4271 (Kl.

297 4296 563 4363 Schrift.1vp.1oo).
604 4296 706 4346 Franz
728 4295 842 4355 „elemm
862 4293 943 4359 epigr.
963 4292 1091 4343 Graecae“
1112 4307 1139 4358 p.
1152 4290 1194 4342 39.
1230 4292 1313 4344 Ross
1332 4295 1362 4345 in
1379 4295 1460 4347 Jahni

296 4399 359 4435 ann.
371 4383 460 4434 LXIX
474 4400 500 4450 p.
510 4382 561 4434 517
579 4386 605 4433 et
623 4383 651 4432 in
666 4380 884 4432 commentatione
900 4379 976 4442 „Alte
989 4378 1118 4430 lokrische
1130 4377 1252 4430 lnschrilt
1267 4394 1319 4431 von
1333 4380 1461 4433 Chaleion

296 4470 357 4522 oder
381 4469 545 4522 Oiantheia“.
585 4469 694 4536 Leipzig
715 4467 789 4519 1854.
813 4484 840 4534 p.
856 4465 895 4517 15.
937 4461 1092 4532 Rangabd
1117 4466 1145 4515 in
1169 4465 1249 4531 praef.
1273 4466 1307 4517 ad
1333 4467 1459 4536 „Antiqu

295 4553 490 4625 Helleniques“.
509 4556 540 4606 ll.
559 4553 675 4606 Athbnes
698 4555 771 4606 1855.
792 4570 816 4620 p.
830 4554 861 4604 Il.
