3232 5262
395 590 463 655 lam
488 587 589 655 habes
610 589 763 666 alterum,
786 587 872 669 quod
894 587 927 651 iu
949 585 1180 653 conformando
1203 588 1265 654 hoc
1287 589 1370 656 libro
1394 591 1474 655 mihi

313 705 512 789 propositum
545 713 629 790 erat,
662 705 773 789 accipe
807 706 952 770 alterurn.
982 705 1182 790 -Sylloge
1215 726 1312 789 quam
1346 708 1475 774 institui

312 823 554 908 inscriptionum
575 824 799 890 Boeoticamm
820 824 938 889 iustum
961 822 1058 890 efficit
1080 825 1341 907 supplementum
1356 826 1475 893 disser-

311 943 442 1008 tationis
476 961 568 1008 meae
605 943 681 1022 ,DE
714 940 918 1006 uluuuuul
952 939 1195 1007 BOEOTIGAE
1216 942 1475 1010 MVTATIONI-

316 1060 413 1126 BVS“
439 1081 526 1126 anno
549 1059 714 1144 superiore
736 1061 869 1127 Bonnae
891 1060 923 1124 iu
945 1059 1108 1144 publicum
1131 1060 1249 1126 editae.
1295 1059 1368 1140 Qua
1390 1083 1475 1129 com-

312 1177 509 1244 mentatione
531 1177 675 1262 pluribus
696 1176 918 1244 demonstrare
940 1178 1059 1262 studui,
1080 1179 1115 1244 in
1130 1179 1355 1246 adscribendis
1370 1181 1472 1247 titulis

311 1297 447 1380 singulis
472 1303 652 1380 temporum
679 1295 855 1380 spatiis-
880 1297 1054 1380 praecipue
1081 1298 1199 1364 aetatis
1229 1299 1472 1382 Macedonicae,

311 1435 376 1498 qua
408 1415 505 1497 longe
537 1413 707 1498 plurimos,
733 1413 787 1496 qui
813 1421 954 1481 aetatem
981 1414 1126 1498 tulerint,
1159 1415 1325 1481 confectos
1347 1423 1402 1481 sat
1422 1424 1473 1482 est

311 1540 421 1598 notum
446 1568 482 1578 —
508 1531 596 1597 haud
617 1531 700 1596 adeo
729 1531 907 1598 litterarum
929 1533 1097 1616 ductuum,
1126 1553 1222 1616 quarn
1249 1533 1352 1616 ipsius
1375 1555 1471 1618 quem

311 1651 490 1737 praebeant
517 1647 736 1717 sermonis-
761 1649 830 1716 sive
856 1649 945 1716 sonis
971 1651 1147 1734 antiquitus
1174 1653 1339 1736 usurpatis
1367 1655 1472 1736 magis
1525 1733 1527 1738 Ι

310 1771 436 1857 faveat,
470 1769 539 1838 sive
572 1773 704 1853 respuat
730 1767 976 1834 -habendam
1011 1789 1083 1835 esse
1116 1769 1285 1837 rationem.
1330 1770 1404 1850 Qua
1428 1773 1472 1840 de

313 1911 413 1959 causa
444 1891 478 1956 in
511 1886 720 1972 disponendis
745 1885 846 1952 titulis
873 1885 958 1952 hanc
979 1893 1144 1970 tamquam
1165 1888 1377 1955 certissimam
1399 1912 1473 1956 nor-

311 2029 397 2076 mam
432 2013 560 2074 secutus
593 2027 672 2073 sum.
716 2007 825 2090 Ipsam
852 2025 930 2072 vero
952 2005 1267 2072 dissertatiunculam
1289 2009 1380 2074 uelut
1401 2007 1472 2074 fun·
1586 2067 1587 2076 ,

247 2180 248 2184 ¹
312 2127 500 2194 dementum
522 2125 620 2192 totius
642 2123 840 2191 collectionis
861 2128 937 2188 ante
959 2121 1086 2190 mittere
1107 2122 1211 2190 'visum
1235 2129 1299 2211 est,
1320 2133 1384 2192 aut
1404 2149 1472 2192 mn·

312 2246 389 2313 tatis
410 2252 467 2311 aut
489 2243 652 2329 ampliatis
674 2242 786 2328 paucis
808 2247 931 2307 lantum
954 2242 1050 2308 modo
1072 2242 1175 2327 locis,
1200 2243 1269 2310 sive
1298 2247 1386 2329 quod
1407 2247 1471 2312 sin-

311 2367 409 2450 gulae
431 2363 613 2432 sententiae
634 2363 825 2446 accuratius,
848 2381 944 2445 quam
966 2359 1042 2427 tunc
1063 2361 1214 2448 feceram,
1237 2364 1472 2448 exprimendae

310 2485 512 2570 videbantur,
535 2483 604 2551 sive
626 2482 712 2567 quod
733 2487 925 2566 argumente
939 2479 1104 2545 titulorum
1126 2481 1230 2565 nuper
1250 2482 1371 2566 publici
1390 2484 1470 2550 iuris
1587 2543 1588 2560 ,

310 2603 467 2670 factorum
499 2622 564 2668 non
597 2601 716 2668 licebat
748 2599 925 2686 praeterire
951 2599 1088 2666 silentio.
1132 2599 1202 2688 Ne'c
1235 2606 1345 2667 tamen
1370 2605 1470 2686 quem
1587 2597 1588 2624 ³

310 2731 386 2790 tunc
407 2741 639 2808 proposueram
660 2719 904 2804 inscriptionum
933 2718 1077 2785 ordinem
1102 2721 1351 2787 numerorumve'
1372 2721 1472 2800 r'atio·

311 2863 385 2909 nem
407 2841 577 2907 immutare
604 2838 739 2924 placuit,
772 2838 870 2903 immo
896 2837 1008 2902 titulos
1029 2857 1142 2903 recens
1174 2837 1321 2922 'repertos
1352 2838 1471 2904 litteris

312 2968 437 3028 tantum
460 2960 629 3026 distinctos
650 2958 778 3023 illorum
801 2955 909 3022 ordini·
926 2955 1056 3021 inserui.

398 3080 576 3146 (titulorum
592 3097 672 3162 quos
688 3074 818 3142 exhibui
833 3073 969 3158 primum
984 3075 1166 3140 accuratius
1181 3076 1338 3161 descripsi
1354 3079 1471 3164 locum,

311 3201 365 3268 ubi
387 3206 496 3268 essent
522 3197 641 3282 reperti
670 3203 703 3262 et
725 3231 766 3242 —
789 3193 949 3260 sinotum
976 3201 1047 3260 erat
1070 3229 1107 3241 —
1132 3193 1186 3259 ubi
1210 3197 1294 3260 nune
1314 3197 1471 3281 temporis

309 3321 569 3387 adservarentur.
606 3317 815 3399 Argumenta,
837 3333 880 3380 ne
901 3314 1052 3380 volumen
1074 3313 1175 3379 libelli
1196 3313 1317 3378 iustum
1338 3314 1470 3381 modum

311 3427 494 3520 excederet,
516 3434 632 3501 litteris
643 3432 829 3499 minusculis
845 3432 1001 3517 expressi,
1025 3431 1188 3515 exscripta
1202 3439 1313 3498 tamen
1327 3433 1470 3516 genuina

311 3580 422 3627 earum
450 3545 629 3622 litterarum
658 3553 780 3637 specie,
814 3572 948 3635 quarum
980 3551 1094 3615 ductus
1119 3569 1140 3614 a
1170 3551 1330 3646 scriptura
1356 3554 1470 3620 Ionica

311 3677 518 3745 abhorreant.
553 3671 822 3738 Paucissimorum
845 3690 1029 3753 eorumque,
1052 3669 1106 3753 qui
1129 3689 1194 3734 uno
1216 3669 1385 3737 duobusve
1400 3691 1470 3738 ver·

308 3797 397 3864 sibus
419 3793 660 3875 contineantur,
687 3809 798 3856 veram
828 3783 980 3873 proposui
1002 3787 1186 3870 imaginem.
1208 3825 1249 3834 —
1271 3787 1413 3855 Litteras
1435 3791 1469 3855 in

310 3914 425 3983 mediis
446 3911 595 3980 versibus
627 3908 762 3976 detritas
794 3907 922 3992 punctis
955 3904 1087 3971 distinxi
1120 3905 1275 3988 uncisque
1301 3908 1470 3998 quadratis

307 4035 436 4101 inclusi:
459 4029 521 4120 [nh
543 4030 577 4096 in
599 4028 690 4095 initio
713 4035 747 4095 et
769 4027 857 4093 exitu
879 4046 1029 4092 versuum
1057 4027 1161 4091 solum
1183 4046 1301 4091 uncum
1321 4025 1469 4092 adhibui:

307 4152 349 4241 al,
371 4151 417 4239 [c,
440 4171 574 4235 quarum
597 4149 777 4214 litterarum
799 4145 955 4228 reliquiae
978 4152 1102 4208 tantum
1124 4143 1158 4208 iu
1179 4143 1395 4210 monumentis
1416 4145 1471 4211 de·
1587 4133 1588 4136 ¹

308 4271 567 4357 prehenduntur,
597 4270 650 4333 vel
673 4286 807 4350 quarum
829 4265 901 4328 loco
930 4262 1033 4328 salsae
1055 4262 1125 4327 sive
1147 4282 1204 4345 per
1226 4282 1368 4328 errorem
1389 4264 1470 4347 lapi-

308 4391 450 4460 cidarum
472 4389 654 4472 insculptae
676 4386 745 4452 sive
767 4403 879 4452 eorum
901 4383 955 4464 qui
970 4380 1209 4465 descripserunt
1224 4379 1312 4447 vitiis
1327 4382 1470 4452 traditae
