3232 5262
713 349 760 402 VH

151 505 299 590 ἄρχοντος
331 508 362 568 ἐν
392 506 572 592 timoren,
609 507 656 568 ἐπὶ
690 507 723 569 δὲ
755 506 855 575 πόλιος
888 507 939 567 τοῦ
973 505 1073 572 δεῖνος.
1133 505 1168 568 ln
1202 507 1318 570 eisdem

151 607 258 671 titulis
284 609 440 672 archontis
465 615 498 672 et
529 607 794 693 polemarchorum
827 628 968 686 munera,
1003 625 1082 690 quae
1109 615 1196 671 erant
1224 607 1318 672 Boeo

151 717 259 774 torum
288 711 427 796 propria,
456 710 734 796 deprehenduntur.
780 711 829 774 Ad
857 709 987 773 eandem
1010 715 1145 772 aetatem
1168 711 1318 774 referendi

155 813 225 876 titt.
252 813 385 898 append.
408 815 501 878 341b.
526 814 577 876 35.
610 849 652 859 -
685 813 721 876 ln
750 813 860 876 ceteris
882 832 954 876 vero
976 810 1076 874 titulis
1098 813 1151 895 qui
1184 819 1319 876 aetatem

152 915 296 980 tulerunt
322 916 484 1000 Megaricis
517 916 655 998 singulae
681 916 825 978 civitates
858 913 1059 999 popularibus
1093 921 1221 978 utuntur
1252 936 1318 978 ma-

151 1018 353 1100 gistratibus:
384 1039 470 1100 rege,
493 1017 605 1096 scriba,
629 1017 796 1100 demiurgis
818 1017 904 1100 (vide
926 1017 975 1079 tit.
998 1017 1185 1099 Aegosthen.
1208 1017 1253 1080 Lb
1277 1018 1318 1082 12

151 1119 209 1203 [=
235 1120 354 1204 C34],
388 1120 479 1204 Pagis
506 1127 661 1204 repertum
689 1120 731 1182 ib.
758 1121 813 1199 17,
840 1119 983 1202 Megarae
1010 1119 1169 1202 ‘ao-34).
1213 1121 1317 1202 Atque

150 1223 353 1306 Megarenses
389 1222 429 1284 ab
462 1221 656 1285 Achaeorum
693 1222 828 1300 foedere,
866 1222 953 1284 cuins
991 1220 1062 1284 inde
1096 1221 1136 1284 ab
1168 1223 1315 1305 Antigoni

151 1325 295 1388 Gonatae
321 1324 512 1409 temporibus
538 1326 560 1387 i.
588 1347 614 1388 e.
644 1324 683 1388 ab
710 1346 739 1388 a.
767 1323 830 1388 243
857 1344 885 1386 a.
906 1323 975 1386 Chr.
1004 1325 1126 1387 fuerant
1151 1325 1317 1410 participes

148 1427 277 1510 (Polyb.
316 1429 347 1506 2,
358 1454 391 1499 e,
405 1453 425 1493 s.
451 1428 502 1506 20,
514 1456 533 1497 c,
543 1427 584 1509 e),
630 1447 666 1490 eo
702 1433 840 1510 tempore
878 1424 1035 1490 destitisse
1072 1425 1316 1511 Boeotoromque

153 1530 339 1594 civitatibus
362 1551 395 1592 se
417 1529 614 1614 adplicuisse,
639 1549 698 1612 quo
721 1528 901 1592 Cleomenes
925 1527 988 1591 dux
1003 1527 1315 1594 Lacedaemoniorum

149 1633 187 1695 in
216 1631 337 1695 Isthmo
364 1639 466 1695 castra
491 1632 595 1716 posuit
623 1631 865 1714 Corinthumque
897 1632 1103 1715 oppugnavit,
1137 1641 1243 1696 auctor
1269 1640 1316 1696 est

149 1733 302 1818 Polybius
312 1733 344 1817 ¹).
368 1772 409 1780 -
431 1734 468 1798 ld
491 1735 572 1818 quod
594 1735 711 1798 iactum
734 1739 783 1796 est
804 1753 832 1796 a.
856 1734 919 1798 223
942 1754 970 1796 a.
994 1733 1064 1796 Chr.
1087 1731 1162 1816 n.').
1205 1734 1317 1798 Postea

149 1857 228 1901 vero
255 1836 450 1900 labefactatis
477 1837 510 1899 in
544 1837 611 1900 dies
644 1837 737 1900 rebus
763 1836 917 1899 Boeotieis
950 1857 1021 1899 oum
1047 1836 1181 1899 Achaeis
1215 1835 1315 1901 denuo

150 1939 337 2002 societatem
358 1939 469 2018 iniere3
500 1945 623 2002 auctore
644 1939 772 2022 Polybio
780 1937 807 2022 ³)
834 1938 917 2002 haud
947 1937 1081 2001 multum
1104 1944 1175 2001 ante
1199 1938 1315 2002 bellum

150 2041 195 2104 ab
217 2041 371 2105 Antiocho
396 2062 468 2124 rege
497 2063 568 2104 cum
591 2041 737 2106 Romanis
763 2047 885 2124 gestum
907 2041 950 2123 (a.
975 2041 1144 2105 192-189
1166 2061 1194 2104 a.
1217 2041 1313 2123 Cha).

150 2145 254 2221 Quam
277 2143 480 2207 deiectionem
502 2151 540 2208 nt
559 2143 787 2223 ulciscerentur,
809 2164 883 2207 mox
897 2142 1129 2226 Megarensibus
1152 2165 1172 2206 a
1190 2143 1314 2208 Boeotis

154 2246 275 2310 bellum
301 2246 433 2309 inlatum
462 2245 557 2328 θεῖ’),
591 2247 683 2310 utin
710 2255 866 2331 posterum
895 2246 946 2309 τὰν
968 2245 1104 2329 ὁμόνοιαν
1126 2245 1178 2309 τὰν
1201 2247 1234 2310 ἐκ
1256 2251 1314 2310 τῶν

151 2347 304 2433 προγόνων
321 2347 515 2432 παρδοθεῖσαν
534 2349 580 2431 (1,
595 2376 607 2414 s
630 2349 713 2433 sqq.)
733 2349 815 2413 inter
835 2348 927 2412 urbes
941 2348 1139 2432 Aegosthena
1155 2353 1187 2412 et
1203 2349 1315 2434 Siphas

151 2458 239 2514 stare
260 2471 322 2514 non
343 2451 481 2534 potuisse
503 2472 594 2515 nemo
616 2471 676 2514 non
699 2452 869 2535 intellegat.
885 2488 926 2497 -
942 2451 1045 2534 Atque
1068 2471 1097 2512 a.
1122 2451 1184 2515 196
1199 2472 1227 2515 a.
1244 2451 1314 2515 Chr.

152 2554 192 2617 T.
219 2553 396 2630 Quinctium
423 2551 630 2616 Flamininum
662 2554 806 2618 omnibus
837 2553 983 2616 Graeciae
1015 2552 1196 2616 civitatibus
1228 2553 1315 2617 iussu

151 2655 261 2741 populi
277 2655 409 2718 Romani
430 2654 803 2720 libertatemrestituisse
826 2675 939 2737 easque
962 2675 1041 2737 quae
1063 2661 1134 2718 ante
1157 2656 1227 2718 aliis
1243 2677 1315 2738 gen·

150 2758 238 2822 tibus
266 2758 388 2821 fuerant
414 2757 548 2820 sociatae
571 2757 673 2823 denuo
696 2780 765 2822 cum
789 2758 838 2822 his
860 2757 1012 2836 iunxisse,
1047 2763 1096 2820 sat
1122 2763 1170 2821 est
1196 2765 1314 2822 notum.

150 2947 192 2982 un
210 2930 256 2982 des
274 2930 437 2982 sanctuaires
455 2944 591 2982 commune
609 2931 625 2982 a
641 2933 701 2983 tous
719 2931 757 2983 les
774 2927 908 2983 Be'otiens.
944 2927 1060 2996 Lorsque
1077 2928 1104 2981 la
1121 2927 1316 2984 confederatur

150 3035 183 3071 se
201 3017 312 3069 reforma
329 3031 391 3068 sous
409 3016 447 3068 les
466 3018 590 3083 premiers
607 3033 771 3070 successeurs
789 3015 977 3081 d’Alexandre‚
1001 3015 1039 3068 les
1060 3016 1135 3069 rilles
1153 3014 1315 3084 beotiennes

151 3119 223 3173 pour
241 3101 323 3156 briter
340 3103 373 3155 de
391 3103 491 3156 donner
508 3105 534 3156 la
552 3101 711 3172 suprimatie
729 3107 745 3157 a
762 3105 834 3157 l'une
852 3103 951 3168 d'elles,
972 3102 1060 3156 iurent
1077 3119 1139 3156 sans
1157 3105 1236 3158 doute
1254 3121 1315 3158 eon·

150 3192 240 3244 duites
258 3191 275 3242 a
293 3191 402 3258 prendre
425 3206 524 3244 comme
548 3195 636 3244 centra
654 3191 781 3260 politique
804 3195 830 3245 et
853 3191 982 3259 religieux
1004 3190 1028 3243 le
1047 3192 1195 3244 sanetuaire
1214 3191 1246 3244 de
1264 3193 1314 3245 Po-

149 3279 254 3332 seidon.
273 3307 307 3315 —
326 3307 360 3315 -
378 3277 400 3328 ll
418 3295 452 3331 ne
470 3279 597 3332 semblera
615 3279 683 3331 donc
701 3295 749 3346 pas
768 3276 896 3330 e'tonnant
920 3294 970 3346 qne
988 3278 1013 3330 le
1031 3280 1167 3346 magistrat
1186 3277 1314 3347 e'ponyme

150 3366 186 3418 de
204 3365 231 3417 la
248 3361 444 3418 consideration
462 3367 500 3418 ait
518 3363 560 3418 e'te
578 3364 687 3434 disigne
705 3382 753 3434 par
770 3366 795 3418 le
813 3367 874 3418 titre
892 3365 924 3418 de
940 3364 1027 3434 ἅρχων
1046 3365 1072 3416 ἐν
1089 3362 1258 3435 Ὀγχηστῶι.“
1280 3397 1314 3405 -

151 3452 226 3515 Quin
249 3453 329 3505 etiam
353 3453 382 3504 in
404 3453 470 3520 ipsis
491 3454 576 3505 titulis
599 3455 746 3521 prorniscue
764 3456 926 3520 usurpantur
943 3451 1063 3522 ἄρχοντος
1081 3452 1107 3504 ἐν
1124 3450 1270 3522 ’θηηστῶι
1289 3459 1315 3506 et

148 3541 273 3611 ἄρχοντος
295 3535 432 3603 Βοιωτοῖς
455 3539 488 3592 ci.
510 3542 564 3592 titt.
590 3539 621 3592 17
640 3540 717 3593 Orch.
739 3544 766 3594 et
784 3539 896 3608 append.
913 3539 930 3590 4
948 3540 1088 3608 Aegosth,
1114 3539 1163 3592 159
1182 3541 1270 3607 Hyett.
1289 3545 1315 3593 et

150 3625 266 3695 append.
279 3624 331 3677 3422
348 3619 483 3694 Aegosth,
504 3627 554 3680 160
571 3629 660 3695 Hyett.
678 3633 704 3681 et
722 3627 812 3696 app.3
832 3628 965 3696 Aegosth,
986 3627 1036 3678 164
1054 3628 1143 3695 Hyett.
1162 3633 1188 3679 et
1206 3644 1266 3695 app.
1282 3629 1311 3679 ll

147 3715 277 3783 Aegosth.
296 3713 367 3780 (ride
379 3730 406 3782 p.
419 3714 470 3782 sq).
507 3713 704 3768 Onchestiorum
724 3716 822 3767 archon
840 3715 937 3783 prodiit
955 3716 1032 3766 etiam
1048 3715 1078 3766 in
1090 3716 1131 3767 tit.
1144 3713 1195 3766 237
1210 3716 1314 3788 Thesp,

146 3806 179 3854 nt
198 3817 265 3870 quae
284 3804 377 3852 contra
393 3801 533 3853 Lebasium
555 3802 699 3870 disputarit
715 3803 833 3867 Boeclrh‚
858 3803 927 3854 Berl.
945 3802 1103 3853 hlonatsber.
1124 3801 1199 3853 1857.
1218 3819 1243 3869 p.
1261 3802 1313 3854 485

148 3889 203 3949 (Kl.
216 3887 347 3941 Schriften
357 3888 401 3940 Vl.
413 3906 439 3956 p.
452 3887 524 3954 366),
542 3891 710 3958 Aegosthena
722 3891 813 3943 urbem
827 3891 1026 3942 Onchestiorum
1045 3887 1143 3940 finibus
1156 3889 1313 3957 adscriptam

145 3975 229 4028 fuisse
248 3974 397 4041 adfirmans,
415 3977 468 4028 iam
486 3992 541 4030 non
558 3978 673 4031 habeant
690 3977 760 4030 unde
778 3979 928 4045 probentur.

220 4071 239 4134 ¹)
257 4070 350 4136 Polyb.
370 4069 412 4136 20,
426 4083 447 4137 c,
458 4083 478 4120 e.

220 4157 353 4226 ²²)Polyb.
372 4158 397 4224 2,
410 4170 441 4210 aa.
482 4158 552 4210 Plut.
571 4156 667 4210 Cleom.
689 4159 729 4210 17.
748 4189 780 4196 —
801 4158 834 4210 cf.
852 4159 983 4224 Droysen,
1007 4156 1162 4210 Geschichte
1185 4157 1231 4210 des
1253 4159 1313 4211 Hel-

146 4246 283 4299 lenismus.
301 4245 348 4310 ΙΠ,
360 4257 381 4296 2.
399 4244 499 4312 p.111.

219 4332 240 4397 ³)
258 4332 352 4400 Polyb.
371 4333 414 4398 20,
427 4343 448 4397 6,
461 4344 485 4396 93
504 4332 538 4384 ad
556 4331 654 4402 ,βραχὺ
672 4332 699 4385 δὲ
717 4332 766 4402 πρὸ
784 4339 837 4384 τῶν
855 4336 898 4384 νῦν
916 4331 1057 4400 λεγομένων
1074 4335 1187 4400 καιρῶψ*
1202 4334 1234 4386 cf.
1247 4351 1313 4402 quae

148 4437 227 4489 capp.
246 4419 301 4472 23
319 4419 352 4473 de
369 4419 496 4472 Antiochi
513 4421 582 4487 regis
600 4420 668 4473 bello
687 4436 746 4472 eum
765 4421 891 4472 Romanis
909 4419 1021 4472 instanti
1040 4419 1172 4473 disseruit.

218 4506 241 4575 ⁴)
258 4505 352 4578 Polyb.
371 4505 552 4574 20,e,1o-1e.
