3232 5262
846 358 928 413 XXX

308 514 481 595 offensioni,
514 513 597 598 quod
623 536 694 580 cum
725 514 757 578 in
779 514 888 578 Ionum
911 519 943 578 et
964 515 1139 580 Atticorum
1166 535 1305 580 sermone
1324 517 1350 599 f
1376 535 1479 580 sonus

307 617 371 681 iam
404 616 526 703 pridem
557 625 640 681 esset
672 617 876 702 exstirpatus,
912 616 1038 682 vivebat
1070 637 1106 681 ac
1138 617 1265 700 vigebat
1296 618 1329 681 in
1363 618 1477 682 oribus

306 719 491 786 Boeotorum
501 717 534 802 ¹).

390 823 495 907 Atque
521 821 559 886 in
586 821 721 888 mediis
748 821 911 908 praecipue
937 820 1131 886 vocabulis
1164 826 1266 886 aetate
1298 821 1476 888 admodum

306 929 430 990 vetusta
451 924 477 1008 f
505 923 656 1004 abolevit,
690 945 762 988 cnm
795 924 886 989 huius
922 943 1072 988 consonae
1100 924 1133 988 in
1160 923 1302 1004 vocibus,
1336 946 1474 1009 quarum

305 1027 400 1113 stirps
421 1027 455 1092 in
475 1026 537 1110 -ef-
560 1025 685 1106 desinit,
708 1033 849 1092 servatae
871 1027 1048 1112 exemplum
1071 1033 1173 1090 exstet
1192 1026 1323 1091 nullum.
1368 1027 1475 1093 Immo

307 1129 384 1194 eliso
402 1131 427 1214 f
453 1150 508 1214 per
533 1128 765 1214 productionem
795 1129 1073 1215 compensatoriam
1094 1153 1113 1213 η
1136 1129 1252 1194 vocalis
1274 1130 1474 1211 nascebatur,

306 1252 401 1316 quam
416 1230 539 1296 Boeotis
562 1231 594 1294 in
611 1255 637 1294 ει
653 1230 767 1296 abiisse
789 1253 880 1297 nemo
901 1232 1023 1316 ignorat
1036 1231 1089 1314 (ci.
1106 1231 1283 1317 dcccltJ-ce
1307 1233 1473 1318 βασιλῆος,

307 1334 493 1420 βασιλεῖ-ος).
531 1333 598 1410 Qua
619 1333 699 1398 inre
715 1333 951 1400 admirationem
967 1339 1072 1400 movet
1085 1333 1312 1400 Lebadeneium
1334 1336 1474 1400 nominis

306 1437 524 1516 inconstantia,
548 1437 630 1520 quod
651 1438 817 1502 formatum
839 1458 900 1504 non
920 1444 968 1502 est
982 1475 1024 1484 —
1040 1438 1121 1502 sicut
1135 1435 1300 1522 Κορωνεὺς,
1325 1436 1473 1508 Θεσπιεΰς

306 1538 369 1602 alia
394 1575 435 1585 -
463 1559 483 1602 a
505 1539 600 1624 stirpe
623 1539 656 1603 in
678 1540 754 1622 τῇ,
786 1540 882 1604 immo
909 1541 949 1604 ab
976 1541 1044 1626 ipso
1069 1539 1152 1602 urbis
1175 1539 1321 1624 Λεβάδεια
1342 1541 1471 1605 nomine

307 1640 482 1706 deductum.
542 1640 649 1705 Dativi
682 1642 765 1706 enim
800 1643 929 1728 pluralis
962 1645 1060 1706 forma
1091 1641 1192 1705 iustae
1225 1641 1287 1724 legi
1319 1641 1473 1706 adstricta

307 1743 476 1829 Λεβαδείοις
503 1742 629 1828 (nempe
660 1765 677 1807 θ
705 1744 909 1830 dedendis-occ,
937 1745 1111 1830 Λεβαδή-οις
1137 1743 1229 1808 solita
1254 1743 1286 1806 in
1313 1743 1371 1808 hoc
1394 1766 1472 1810 casu

306 1847 546 1910 declinationum
573 1846 749 1910 confusione
776 1884 819 1892 -
846 1847 884 1910 de
911 1867 972 1930 qua
998 1845 1070 1910 vide
1098 1867 1171 1930 prae
1200 1845 1310 1909 ceteris
1331 1846 1470 1911 Fuchrer

304 1950 325 2014 l.
350 1971 375 2013 c.
399 1971 429 2034 p.
452 1949 550 2031 aasq.
573 1983 615 1994 -
638 1948 719 2032 orta)
740 1968 801 2013 non
828 1949 987 2034 reperitur.
1032 1947 1160 2012 Exstara
1182 1947 1306 2012 videtur
1328 1949 1470 2034 Λεβαδει·

304 2053 380 2121 αιόις
402 2051 435 2114 in
456 2049 505 2113 tit.
529 2049 607 2128 60,1
631 2051 855 2117 anominativo
872 2053 1061 2137 deliciando<
1075 2051 1251 2131 formatum,
1276 2051 1471 2136 Λεβαδειήοις

227 2171 228 2174 ’
304 2155 388 2218 iusta
409 2177 440 2216 αι
467 2152 534 2216 soni
556 2151 589 2215 in
610 2176 629 2236 η
652 2154 825 2218 mutatione
847 2155 898 2234 61,
914 2183 934 2221 1.
963 2153 1014 2232 68,
1030 2175 1056 2232 ι;
1090 2153 1252 2235 genetivus
1273 2137 1469 2238 ’Λεβαδειήοιν

303 2257 355 2336 66,
370 2285 390 2322 ι.
406 2255 473 2338 (65,
489 2253 524 2337 1).
541 2291 582 2299 —
595 2255 750 2339 Λεβαδηίω
765 2262 866 2339 genet.
883 2257 960 2340 sing.
976 2259 1074 2320 forma
1088 2255 1116 2318 si
1130 2275 1236 2319 revera
1250 2256 1471 2340 suppeditatur

302 2358 351 2422 tit.
364 2357 436 2437 182,
451 2382 472 2436 ι,
495 2357 582 2420 cuius
604 2377 704 2422 sermo
727 2359 788 2423 sibi
804 2379 864 2423 non
880 2366 1009 2440 constat,
1032 2357 1185 2443 lapicidae
1200 2356 1277 2421 vitio
1292 2357 1396 2442 potius
1412 2359 1469 2422 tri·

303 2459 435 2540 buenda,
459 2479 552 2544 quam
575 2460 782 2544 οΛεβαδαιίιο,
806 2460 889 2544 quod
911 2459 1114 2546 explicatione
1137 2466 1230 2540 caret,
1253 2460 1424 2544 repetenda
1432 2459 1468 2545 ²).

375 2699 394 2764 ¹)
412 2699 490 2752 Hunc
516 2714 607 2752 sonum
634 2700 714 2752 etiam
737 2699 766 2752 in
788 2697 881 2752 mediis
903 2699 1037 2752 vocabulis
1060 2715 1084 2752 a.
1102 2697 1219 2764 3867385
1239 2715 1262 2751 a.
1276 2697 1335 2751 Chr.
1354 2701 1388 2754 ab
1406 2699 1467 2754 Ida-

302 2786 430 2840 liensibus
449 2784 554 2854 Cypriis
577 2786 699 2854 religiose
719 2790 849 2839 servatum
866 2785 961 2853 fuisse,
985 2790 1137 2856 argumento
1157 2785 1367 2853 estricourt,
1386 2805 1467 2856 quem

301 2873 335 2925 ad
354 2873 416 2926 belli
434 2876 546 2926 aetatem
564 2874 598 2926 ab
616 2873 735 2942 Euagora
752 2873 952 2926 Salaminiorum
970 2889 1039 2942 rege,
1058 2873 1104 2941 qui
1122 2876 1204 2926 totam
1222 2872 1275 2926 fere
1288 2873 1404 2942 Cyprum
1423 2877 1466 2929 in·

302 2959 385 3012 sulam
404 2975 466 3012 suae
485 2960 599 3012 dicionis
617 2958 722 3025 fecerat,
740 2960 809 3012 inter
827 2976 850 3012 a.
861 2959 1000 3013 394-385
1013 2976 1036 3012 a.
1049 2959 1107 3012 Chr.
1127 2975 1185 3012 cum
1198 2960 1285 3012 Persis
1304 2963 1372 3029 gesti
1390 2979 1466 3016 revo-

301 3047 413 3099 candum
439 3062 496 3100 esse
520 3048 703 3116 comprobatur
725 3046 834 3099 Diodori
855 3047 1005 3100 testimonio
1024 3047 1070 3100 lio,
1085 3046 1126 3111 14,
1136 3058 1160 3096 ss
1178 3045 1222 3114 (ad
1236 3047 1269 3099 ol.
1282 3045 1326 3113 97,
1338 3059 1350 3097 a
1364 3071 1396 3092 =
1411 3049 1463 3102 391

300 3149 324 3186 a.
337 3132 407 3198 Chr.)
424 3134 489 3187 haec
512 3135 671 3187 enarrantis:
702 3131 867 3204 ,(Εὐαγόρας)
891 3140 944 3187 τῶν
966 3134 1011 3203 μὲν
1034 3133 1119 3186 ἄλλων
1141 3133 1238 3186 πόλεων
1256 3134 1322 3205 ταχὺ
1340 3135 1389 3206 τὴν
1405 3137 1465 3207 elga·

300 3220 387 3289 μονίαν
409 3220 560 3292 παρέλαβεν·
583 3218 742 3290 Ἀμαθούσιοι
765 3221 791 3274 δὲ
814 3223 858 3276 καὶ
881 3219 963 3274 Σόλιοι
986 3221 1029 3274 καλ
1049 3217 1171 3280 Κιτιεῖς
1194 3220 1271 3286 (otc
1287 3221 1345 3288 118,
1355 3222 1378 3290 1)
1402 3224 1466 3278 aaa·

299 3325 387 3376 χοντες
409 3314 447 3378 τῷ
469 3307 573 3378 πολέμῳ
597 3308 709 3378 πρέσβεις
732 3308 877 3362 ἀπέστειλαν
900 3309 962 3380 πρὸς
980 3306 1140 3380 Ἀρταξέρξην
1161 3307 1204 3360 τὸν
1229 3304 1332 3378 Περσῶν
1357 3310 1464 3379 βασιλέα

298 3395 355 3466 περὶ
374 3391 492 3464 βοηθείας
513 3394 570 3448 κτλ.
585 3395 694 3448 -dein
712 3395 757 3448 lib.
773 3395 813 3462 15,
823 3408 835 3446 4
847 3397 891 3462 (ad
904 3397 938 3450 ol.
951 3397 1015 3463 98,a
1034 3417 1066 3440 =
1086 3393 1137 3446 386
1152 3410 1175 3446 a.
1189 3395 1274 3459 Chr.):
1302 3393 1333 3449 Ol
1351 3395 1378 3450 δὲ
1397 3395 1463 3470 Πέρ-

299 3496 339 3534 σαι
357 3481 401 3546 (cf.
414 3479 499 3535 Μᾶδοι
512 3482 601 3550 118,1)
619 3485 652 3553 τῇ
671 3483 798 3552 ναυμαχίᾳ
816 3484 860 3548 (ad
873 3483 970 3538 Citium
990 3482 1128 3537 commissa
1140 3482 1295 3550 Evagoram)
1314 3483 1462 3554 νικήσαντες

299 3567 333 3627 εἰς
351 3564 460 3622 Κίτιον
483 3569 555 3623 πόλιν
579 3569 722 3640 ἀμφοτέρας
744 3570 789 3628 τὰς
813 3569 927 3640 δυνάμεις
954 3568 1082 3640 ἤθροισαν.
1113 3569 1143 3621 ἐκ
1170 3567 1265 3640 ταύτης
1288 3568 1308 3622 δ’
1318 3569 1464 3642 ὁρμώμενοι

298 3654 443 3726 πολιορκίαν
468 3656 647 3726 συνεστήσαντο
670 3655 732 3726 πρὸς
753 3659 786 3727 τῇ
805 3653 926 3726 Σαλαμῖνι
950 3657 994 3709 καλ
1016 3657 1063 3728 τὴν
1085 3655 1157 3710 πόλιν
1182 3655 1304 3728 ἐπόρθουν
1327 3659 1395 3712 κατὰ
1412 3663 1460 3731 γῆν

299 3741 352 3812 ἅμα
374 3744 419 3796 καὶ
440 3743 506 3796 κατὰ
528 3740 680 3796 coenses
701 3772 733 3782 -
752 3744 808 3796 Hoc
827 3759 896 3797 anno
914 3743 1025 3796 Idalium
1049 3759 1152 3812 quoque
1169 3745 1260 3798 urbem
1279 3760 1295 3796 a
1312 3744 1400 3800 Persis
1419 3747 1462 3800 Gi-

299 3831 482 3900 tiensibusque
506 3845 595 3884 eorum
618 3831 696 3884 sociis
717 3846 773 3884 esse
792 3833 969 3900 expugnatam
992 3834 1018 3884 et
1037 3831 1121 3884 denuo
1140 3833 1276 3885 subactam
1292 3821 1463 3904 (acrifoprcu

297 3935 323 3971 v.
338 3919 350 3970 1
368 3940 401 3964 =
420 3915 567 3989 καθεῖρξαν,
589 3916 832 3983 circumvallarunt,
855 3918 1017 3982 obsiderunt)
1038 3919 1129 3986 procul
1148 3918 1314 3972 dubitatione
1332 3922 1373 3972 est
1391 3921 1462 3988 posi·

296 4009 361 4058 tum.
405 4004 477 4069 Quae
502 4007 635 4060 sententia
657 4004 775 4056 firmatur
796 4005 873 4058 titulo
900 4005 952 4058 alio
974 4005 1099 4058 Idaliensi
1121 4006 1155 4059 ld.
1179 4005 1310 4071 Schmidt,
1339 4006 1462 4071 „Samml

296 4094 371 4162 cypr.
388 4093 500 4146 rnsenrr.
519 4095 549 4147 m
567 4093 681 4161 epichor.
699 4091 819 4144 scoria«
857 4093 925 4145 sena
945 4091 1012 4144 raro
1030 4108 1057 4144 n.
1072 4092 1110 4144 11:
1136 4131 1142 4146 .
1162 4130 1168 4144 .
1189 4131 1195 4144 .
1215 4131 1222 4144 .
1241 4079 1377 4163 planctae
1396 4089 1462 4146 nro-

296 4177 422 4238 κιάλλωνος
445 4176 568 4233 Κιτίων
590 4179 625 4232 κὰ
646 4175 800 4232 Ἠδαλίων
829 4176 1014 4248 βασιλεὺ[οντος
1038 4218 1044 4231 .
1065 4217 1072 4232 .
1090 4217 1097 4232 .
1117 4218 1137 4248 .,
1160 4195 1237 4249 quem
1259 4194 1346 4248 rogem
1370 4196 1394 4232 a.
1409 4179 1461 4234 385

295 4282 379 4334 usque
398 4266 431 4319 ad
450 4283 473 4318 a.
486 4266 539 4320 370
556 4267 609 4320 fere
628 4283 652 4320 a.
666 4266 725 4320 Chr.
747 4265 811 4318 Citii
835 4281 958 4334 regnasse
983 4269 1086 4319 constat
1111 4267 1175 4332 (vid.
1187 4267 1289 4320 Deecke
1309 4295 1342 4304 -
1361 4266 1461 4336 Siegis·

295 4355 377 4407 mund
399 4355 429 4407 in
452 4355 523 4408 Gurt.
548 4353 634 4406 studd.
653 4353 709 4408 Vll.
730 4351 797 4406 1875
814 4352 922 4420 poso).
943 4383 974 4391 —
999 4354 1074 4406 Unde
1097 4356 1223 4422 probatur
1245 4369 1269 4406 a.
1283 4351 1334 4406 386
1353 4369 1378 4406 a.
1399 4354 1461 4408 (ihr.

296 4441 417 4511 Euagora
434 4456 495 4510 rege
513 4440 616 4493 devicto
635 4442 667 4493 ab
685 4440 860 4494 Idaliensibus
878 4442 927 4494 hoc
946 4439 1077 4493 decretum
1095 4457 1152 4494 esse
1169 4441 1276 4494 factum.
1475 4449 1478 4453 “

366 4527 564 4596 ²)Sorupu1um
591 4527 676 4580 adhuc
704 4531 791 4581 movet
813 4527 876 4581 viris
899 4527 982 4581 doctis
1006 4515 1147 4598 'Epfcolcte
1170 4543 1223 4582 vox
1245 4529 1274 4582 in
1299 4527 1340 4580 tit.
1367 4527 1387 4581 G
1409 4529 1459 4583 115
