3278 5268
428 373 544 424 Thebae.
567 376 629 425 308.
646 373 709 425 309.
730 383 791 424 ante
811 387 836 424 a.
858 377 912 426 350
931 391 956 425 a.
972 375 1034 424 Chr.
1271 367 1334 431 159

154 540 263 598 lectum
287 540 377 598 trium
399 539 506 598 ducum
529 540 652 598 nomina
672 540 838 613 continens,
861 561 877 598 e
897 541 1006 615 quihus
1022 539 1224 599 Xenocratem
1240 539 1336 599 Boeo·

151 644 286 700 tarcham
314 642 418 715 (Paus.
443 643 471 714 9,
488 641 561 718 ras)
589 644 792 701 Aristomenis
815 643 957 700 Messenii
986 649 1102 700 acutum
1131 645 1245 720 tropaei
1269 643 1335 702 loco

151 745 294 821 posuisse
322 753 426 802 auctor
454 751 501 802 est
529 744 621 802 Pana.
646 746 681 815 4,
703 763 742 817 aa,
762 764 783 802 s.
828 744 1042 822 Theopompus
1072 743 1113 820 (v.
1130 744 1162 819 2)
1189 763 1248 802 non
1275 765 1334 803 me·

151 859 287 904 moratur
309 846 386 903 inter
401 845 655 904 Boeotarcharum
674 848 796 904 nomina
814 866 833 903 a
851 846 931 904 Plut.
947 847 1052 923 Pelop.
1069 847 1086 904 8
1110 845 1161 921 (cl.
1182 847 1219 904 de
1234 847 1333 924 ingen.

152 946 238 1006 Socr.
262 967 349 1024 capp.
365 947 414 1005 25.
431 947 495 1023 30).
521 981 558 990 -
587 947 693 1024 Neque
716 948 857 1006 Mnasilai
881 947 924 1024 (v.
942 948 975 1024 3)
1003 967 1109 1006 nomen
1135 948 1255 1006 aliunde
1282 968 1333 1008 no·

151 1059 294 1107 tumeat.
631 1125 637 1136 ι

193 1151 413 1209 Tractaverunt
424 1151 544 1210 titulum
559 1149 733 1222 Buecheler,
748 1170 824 1209 mus.
838 1151 933 1210 Rhen.
946 1153 1076 1210 XXXII
1089 1152 1168 1212 1877
1181 1153 1277 1230 pata
1286 1171 1332 1229 sq.

149 1253 277 1324 Kaibel,
304 1255 414 1330 epigrr.
438 1251 491 1312 Gr.
515 1272 543 1328 p.
559 1270 614 1310 xw
630 1272 692 1329 sq.,
721 1254 773 1329 qui
795 1273 899 1313 versus
922 1255 965 1313 ita
986 1255 1078 1312 latine
1100 1255 1202 1313 vertit:
1230 1255 1332 1327 ,Dum

150 1354 384 1412 Lacedaemonii
406 1355 437 1412 in
460 1373 495 1414 eo
517 1363 564 1412 est
585 1363 618 1411 ut
636 1355 790 1413 vincerent
813 1355 1022 1430 (confirmatur
1043 1357 1134 1432 igitur
1148 1357 1332 1434 Xenophon-

152 1457 193 1513 tis
214 1456 355 1514 iudicium
371 1456 489 1513 Hellen.
506 1456 551 1516 Vl
567 1457 596 1527 4,
612 1456 661 1532 ιι),
683 1455 849 1516 Xenocrati
872 1468 952 1517 sorte
974 1459 1081 1535 obtigit
1103 1458 1216 1534 (sortiti
1231 1469 1332 1517 autem

150 1566 237 1615 erant
259 1569 378 1635 praeter
397 1558 496 1633 ipsum
520 1557 736 1634 Theopompus
758 1567 788 1616 et
809 1561 1005 1637 Mnasilaus),
1036 1569 1068 1619 ut
1089 1561 1154 1618 Iovi
1177 1570 1331 1638 tropaeum

150 1660 293 1718 adferret.
336 1661 377 1717 Et
403 1660 509 1718 adtulit
535 1659 585 1716 ille
612 1661 744 1718 hostium
770 1666 872 1738 copias
898 1682 1039 1739 armaque
1060 1681 1248 1739 nequaquam
1271 1683 1330 1722 me·

149 1769 253 1820 tuens:
278 1762 323 1820 sic
344 1761 454 1819 factum
478 1771 510 1818 ut
525 1761 662 1820 Thebani
678 1763 807 1821 victores
822 1784 838 1820 e
854 1784 954 1842 pugna
968 1765 1164 1835 discederent,
1186 1766 1272 1822 culus
1287 1766 1331 1823 rei

148 1864 355 1921 testimonium
377 1872 531 1938 tropaeum
554 1872 601 1922 est
615 1863 752 1922 Leuctris
773 1866 916 1942 positum.
960 1867 1106 1942 Princeps
1128 1867 1246 1942 quidem
1270 1867 1330 1924 vic-

150 1969 247 2022 toriae
269 1973 375 2023 auctor
396 1965 622 2041 Epaminondas
644 1966 703 2023 fuit
724 1967 829 2041 (Diod.
852 1967 914 2025 XV
937 1967 986 2041 56,
1002 1969 1042 2043 a),
1072 1986 1127 2026 nos
1150 1987 1219 2026 vero
1241 1987 1329 2045 prop·

150 2076 199 2122 ter
220 2067 322 2125 utilem
346 2085 451 2125 cursus
474 2068 655 2125 celeritatem
678 2068 730 2125 illo
753 2069 803 2125 vix
826 2071 1011 2128 inferiores.“
1037 2103 1075 2112 —

194 2168 429 2244 Epigrammatis
452 2169 596 2227 dialectos
621 2171 726 2227 mirum
749 2181 892 2244 quantum
915 2173 971 2230 sibi
994 2191 1052 2230 non
1073 2181 1199 2230 constat.
1235 2172 1330 2230 Nam·

148 2289 208 2344 que
231 2288 296 2327 cum
316 2271 429 2328 formas
445 2270 627 2329 Boeotorum
650 2272 787 2348 proprias
810 2273 922 2332 frustra
943 2274 1177 2349 circumspicias,
1200 2273 1329 2332 Dorien-

149 2372 228 2428 sium
259 2371 315 2428 hae
345 2373 618 2448 deprehenduntur:
649 2367 761 2440 Ἀνίκιι,
787 2365 941 2457 Σπάρτας,
967 2366 1081 2446 crudam
1107 2377 1135 2433 4.
1167 2368 1271 2457 κλάρωι
1299 2377 1327 2434 0.

146 2463 268 2550 Εὐρώτα
291 2475 318 2532 6.
347 2464 499 2557 καριῖσσει,
528 2465 669 2558 νικαφόριι
692 2476 719 2532 8.
748 2467 958 2545 Ἐπαμεινώνδα
981 2479 1012 2550 9;
1043 2497 1058 2534 e
1082 2496 1216 2535 sermone
1242 2478 1328 2552 epioo

147 2575 201 2633 vel
222 2577 371 2634 communi
393 2577 517 2654 petitae:
542 2568 740 2658 Ξεινοκράτης,
760 2569 833 2648 Ζηνί,
852 2568 943 2660 φέρειν
966 2581 994 2639 5.
1021 2570 1143 2645 πολέμωι
1160 2580 1187 2637 7.
1203 2611 1240 2622 -
1263 2578 1328 2638 Nec

88 2745 91 2748 ¹
148 2687 251 2735 tamen
272 2685 325 2735 aut
347 2679 459 2737 mixtae
481 2679 600 2737 dialecti
623 2681 733 2754 speciei
749 2690 800 2739 aut
814 2682 978 2740 litterarum
994 2681 1108 2754 formis,
1131 2701 1207 2758 quae
1222 2701 1240 2738 a
1255 2699 1328 2756 qua·

149 2780 286 2837 dratario
301 2780 403 2837 Attico
423 2780 515 2856 lapidi
536 2781 701 2856 insculptae
719 2784 855 2841 videntur
873 2817 910 2825 -
932 2785 968 2841 of.
990 2784 1028 2841 ad
1049 2784 1092 2842 tit.
1107 2784 1146 2842 65
1162 2783 1273 2841 Lebad.
1288 2818 1326 2827 -
1432 2763 1440 2778 ⁶

149 2889 206 2938 aut
227 2893 411 2959 argumento,
434 2893 467 2940 ut
488 2883 559 2940 mihi
576 2884 696 2958 quidem
711 2886 839 2957 videtur,
863 2904 937 2943 ansa
951 2886 1030 2943 inest
1043 2886 1160 2958 idonea,
1183 2905 1235 2943 cur
1249 2886 1327 2944 hunc

147 2983 269 3041 titulum
296 2983 510 3042 Buechelerum
538 2992 569 3043 et
589 2985 762 3044 Kaibelium
791 2989 884 3045 secuti
906 2987 1133 3064 Epaminondae
1160 2988 1249 3046 aetati
1278 2988 1328 3045 ab·

144 3085 341 3144 iudicandum
365 3105 552 3144 censeamus

211 3411 246 3487 h)
280 3409 395 3468 Tituli
423 3413 516 3468 inter
544 3432 570 3469 a.
602 3414 662 3472 350
693 3414 768 3471 fere
797 3426 831 3472 et
862 3414 921 3472 200
949 3437 975 3474 a.
999 3413 1077 3475 Chr.
1108 3418 1260 3474 exarati.

145 3595 222 3655 309
266 3597 380 3655 Thebis
401 3599 431 3655 in
454 3618 556 3657 museo
579 3600 750 3657 n.100.—
774 3598 824 3675 ,'0
846 3595 932 3662 λίθος
946 3635 987 3643 -
1006 3592 1109 3684 εὑρέθη
1133 3600 1161 3658 ἐν
1183 3604 1223 3677 τῷ
1243 3591 1324 3677 κήπῳ

187 3699 241 3753 τοῦ
261 3702 332 3756 Πιιν.
350 3690 604 3782 Χσντρογαρὲφως,
625 3691 736 3777 κειμένῳ
759 3693 955 3772 πλησιὲστιιτιι
977 3705 1030 3760 τοῦ
1049 3695 1261 3784 ἱπποδριιιῖου.“
1284 3735 1325 3745 -

187 3799 281 3858 Kum.

315 3892 373 3958 Torl
395 3897 586 3984 χρε(ι’)]ιιιιτιι
608 3896 874 3981 σ(ο)υνεβ[ιι’λινὲο
897 3904 924 3962 ἓν
947 3901 995 3962 τᾶν
1016 3898 1147 3974 πόλεμον,

314 3999 374 4078 τᾶν]
396 3996 564 4081 ε’ποῇιξᾳιρν]
587 3997 698 4063 Borwrol
721 4002 809 4083 rre[drl
831 4009 884 4064 τῶν
906 4002 1116 4084 σ(ο)υμμιι’χων

313 4099 381 4180 π]ὂτ
401 4099 456 4166 rulo
478 4099 654 4170 dretturer
676 4104 707 4166 ro*
730 4103 819 4192 lopd[v
841 4113 881 4166 rai
899 4100 1079 4170 Ἀπόλλωνος
1100 4110 1141 4165 τῶ

314 4199 462 4282 ll]ooSr'w·

187 4309 212 4366 Ι.
257 4329 269 4365 5
309 4300 485 4387 Ἀριστίωνος
507 4298 651 4393 ἄρχοντος
670 4307 806 4383 Ἀλυζῆοι
833 4304 996 4394 [τριάκοντα
1018 4315 1106 4382 μννῖς·

143 4434 350 4442 ———

230 4510 313 4570 aoo.
337 4543 375 4554 -
399 4513 417 4573 a
440 4511 507 4595 πειι
