3232 5262
687 382 766 434 XXV

146 535 212 600 vita
235 537 403 600 cottidiana
425 557 484 600 nou
507 537 678 621 promiscue
701 543 914 622 usurpassent,
937 537 1028 622 plane
1050 558 1111 600 nou
1133 541 1236 620 petest
1257 535 1302 600 in-

144 639 266 722 tellegi,
290 642 425 722 quanain
447 661 479 702 re
501 639 578 702 moti
600 639 633 702 iu
655 639 817 702 exarandis
841 640 889 703 his
912 640 995 703 sonis
1018 639 1213 704 variaverint.

233 741 331 805 Sonus
353 741 493 807 novicius
517 764 559 803 roo
582 741 643 803 nisi
669 741 702 804 in
723 741 825 805 titulis
848 747 896 805 sat
917 741 1092 804 recentibus
1114 761 1176 804 non
1197 740 1303 825 depre-

144 844 301 908 henditur.
338 845 472 929 inrepsit
493 863 565 908 vero
581 843 612 906 in
627 844 676 906 tit.
693 845 733 908 13
750 843 839 907 Orch.
856 863 1037 924 sermonem,
1060 844 1115 908 ubi
1137 845 1216 908 inter
1236 863 1303 928 per-

144 947 249 1010 multa
271 947 338 1009 soni
360 968 380 1009 u
403 968 457 1031 per
473 945 499 1010 Υ
518 955 549 1010 et
571 969 604 1008 eo
627 945 734 1030 scripti
756 945 898 1030 exempla
921 967 1016 1010 uuum
1039 951 1142 1010 exstat
1162 946 1195 1010 in
1217 968 1246 1011 v.
1264 945 1304 1010 18

143 1070 200 1133 per
229 1072 274 1110 roo
306 1057 477 1112 exaratum.
527 1049 585 1125 Qui
612 1048 722 1111 titulus
749 1054 830 1112 certe
858 1047 994 1111 medium
1022 1048 1148 1112 tertium
1176 1070 1203 1113 a.
1232 1049 1302 1112 (lhr.

144 1172 226 1215 saec.
249 1172 310 1215 non
332 1151 463 1215 excedit.
505 1152 584 1215 Dein
606 1151 729 1236 saepius
744 1151 794 1213 hic
813 1169 905 1213 sonus
927 1149 963 1212 fit
985 1148 1119 1230 obviam,
1143 1172 1235 1235 quem
1257 1171 1302 1214 ca.
1393 1137 1395 1144 ¹

143 1275 172 1317 a.
201 1255 265 1318 200
291 1275 319 1317 a.
348 1253 417 1318 Chr.
450 1254 586 1318 maxime
618 1255 754 1337 viguisse
781 1258 960 1336 argumento
988 1257 1060 1316 sunt
1086 1253 1169 1317 tituli
1195 1254 1303 1338 Hyetti

142 1356 267 1440 reperti.

230 1457 345 1521 Titulis
369 1458 628 1543 Thespiensibus,
652 1458 820 1537 Thebanis,
843 1457 1088 1538 Plataeensibus,
1111 1458 1301 1542 Tanagraeis

141 1561 230 1624 nisus
256 1561 315 1624 erit
336 1561 474 1640 fortasse,
497 1562 550 1645 qui
572 1561 746 1641 contendat,
770 1560 914 1624 civitates
936 1560 976 1624 ad
990 1560 1114 1624 Atticae
1137 1560 1213 1624 fines
1235 1581 1301 1645 pre-

141 1663 214 1748 pius
238 1663 418 1727 accedentes
445 1664 547 1728 minus
574 1664 688 1728 favisse
716 1684 790 1727 sono
817 1663 998 1727 adulterino.
1043 1663 1108 1728 Nec
1129 1669 1235 1728 tamen
1257 1663 1303 1726 ita

141 1767 217 1828 licet
239 1771 382 1845 statuere,
406 1787 476 1829 cum
499 1766 532 1829 hi
548 1767 632 1830 tituli
647 1789 667 1829 u
684 1766 750 1830 soni
766 1765 909 1850 exempla
924 1785 1077 1851 perpauca
1092 1766 1300 1851 suppeditent,

141 1869 225 1931 inter
247 1889 325 1951 quae
348 1889 401 1954 pro
423 1887 549 1932 numero
572 1889 677 1933 eorum
699 1868 750 1932 hic
772 1868 838 1932 illic
864 1892 908 1930 roo
935 1889 1027 1932 sonus
1054 1868 1301 1953 deprehenditur.

228 1971 292 2046 Quo
322 1991 394 2033 vero
420 1970 486 2033 iure
516 1971 722 2034 Beermannl.
744 1992 769 2034 c.
795 1992 824 2055 p.
841 1971 883 2034 56
911 1970 986 2033 haec
1013 1971 1191 2035 contendat:
1221 1971 1302 2051 ,lm-

141 2073 253 2158 primis
275 2073 308 2136 in
330 2073 430 2136 titulis
454 2071 675 2152 Orchomeniis,
699 2073 809 2137 deinde
831 2073 864 2136 iu
887 2073 993 2137 Ceron.
1016 2073 1115 2137 Alalc.
1136 2073 1234 2138 Theb.
1257 2096 1301 2136 ace

140 2195 196 2260 pro
221 2199 254 2237 eo
276 2174 325 2258 (n)
355 2174 418 2237 sive
442 2174 528 2238 brevi
554 2175 620 2239 sive
648 2175 737 2258 longo
766 2175 897 2240 subinde
923 2175 1085 2240 scribitur“
1110 2180 1303 2240 -nonest

140 2277 347 2362 perspicuum.

264 2431 282 2475 ι

392 2523 451 2588 IV.
497 2523 547 2587 De
569 2549 584 2588 ε
607 2525 813 2589 convocatas
835 2528 870 2589 a'a
892 2551 900 2589 ι
923 2537 1051 2590 enatato.

138 2693 143 2699 ’
229 2697 286 2762 831
304 2701 427 2760 vetusto
443 2701 579 2780 tempore
595 2696 628 2759 in
643 2696 828 2761 Boeotorum
851 2717 991 2762 sermone
1013 2721 1028 2760 ε
1050 2698 1117 2762 soni
1139 2698 1207 2761 vice
1229 2703 1301 2760 ante

140 2801 265 2865 vocales
287 2799 381 2884 positi
404 2823 413 2862 ι
435 2817 528 2862 sonus
550 2798 671 2862 tenuior
692 2799 777 2882 fungi
800 2800 909 2884 coepit.
945 2800 1044 2876 Quam
1061 2820 1205 2864 sonorum
1219 2820 1300 2863 com-

139 2902 347 2966 mutationem
374 2901 446 2964 inde
475 2901 624 2984 originem
651 2901 776 2965 duxisse
804 2908 851 2965 est
873 2903 1032 2983 credibile,
1061 2902 1143 2987 quod
1166 2901 1300 2987 primum

139 3011 247 3090 posta
276 3023 384 3067 sonum
414 3009 486 3067 ante
513 3003 652 3068 vocalem
678 3004 923 3089 insequentemj
947 3026 1039 3069 sonus
1062 3005 1244 3090 parasiticos
1268 3027 1301 3068 sc

138 3106 321 3185 insinuarit,
353 3106 425 3169 dein
454 3107 479 3189 ej
509 3105 575 3169 soni
601 3106 634 3168 in
663 3107 837 3191 simplicem
865 3108 1004 3171 vocalem
1027 3133 1036 3170 r
1058 3107 1236 3173 coaluerint.
1261 3143 1301 3153 —

139 3209 212 3273 Pari
241 3209 359 3272 ratione
383 3207 408 3290 f
436 3229 528 3271 sonus
556 3208 740 3292 parasiticos
767 3209 897 3293 inrepsit
923 3210 956 3274 in
982 3230 1057 3274 voce
1086 3209 1243 3294 Beaerifar
1268 3211 1301 3274 in

138 3313 188 3375 tit.
215 3309 340 3375 lOrch.
374 3346 416 3356 —
450 3309 630 3374 Cuiusmodi
657 3311 848 3374 formationis
875 3312 951 3376 haec
979 3313 1177 3377 inveniuntur
1199 3334 1300 3376 exem-

138 3414 204 3499 pla:
232 3411 521 3497 fefoaovopsjdvrerv
548 3412 603 3496 (ad
634 3412 870 3477 similitudinem
897 3421 975 3499 part.
999 3437 1097 3500 praes.
1120 3416 1300 3498 formatum)

140 3517 192 3595 16,
215 3543 240 3582 ar
271 3513 360 3579 Orch.
392 3505 530 3598 dve'hejev'
559 3515 591 3578 in
624 3515 832 3599 compluribus
863 3517 964 3580 titulis
988 3517 1139 3602 Acraeph.
1169 3524 1200 3581 ct
1220 3518 1299 3581 Plat.

138 3617 314 3701 Θε16σδοτὸς
333 3616 418 3681 1183
432 3616 583 3701 Acraeph.
609 3617 832 3702 llpmrcas'vcjor,
858 3616 1057 3705 Klscpcivsjor
1069 3622 1142 3701 250,
1156 3649 1168 3686 4
1184 3621 1298 3705 Thesp.

139 3720 469 3804 11ενεσθένε]ος215,3
491 3719 571 3783 Plat.
595 3717 730 3801 Oejovira
749 3720 813 3784 295
836 3721 932 3785 Theb.
956 3759 998 3769 —
1020 3723 1078 3799 Qui
1099 3723 1184 3787 idem
1207 3744 1299 3788 sonus

136 3823 323 3909 parasiticus
353 3820 593 3906 deprehenditur
618 3821 650 3884 in
685 3822 953 3888 terminationibus
980 3825 1052 3896 -έως
1081 3831 1112 3889 et
1138 3826 1255 3895 -κλέους
1282 3847 1299 3888 e

138 3945 280 3990 sermone
302 3923 422 4007 vulgari
444 3923 566 4009 petitis:
585 3922 768 4007 Oercare‘jen,
791 3924 972 4010 lllerate'jac
997 3927 1067 4007 182,
1083 3955 1125 3992 ae
1146 3927 1297 4012 Acraeph.

133 4029 190 4112 (cf.
219 4024 383 4110 Κορωνέως
409 4048 437 4090 v.
456 4025 504 4108 1),
535 4023 761 4111 Καλλικλέ]ου[ς
777 4028 849 4106 244,
866 4051 890 4090 ar
914 4028 1027 4112 Thesp.
1057 4063 1098 4074 -
1125 4028 1194 4092 Non
1220 4050 1297 4094 nun·
1374 4085 1376 4089 .

137 4150 234 4215 quam
249 4128 309 4212 (s)j
326 4128 380 4210 (=
394 4127 426 4211 ij,
439 4129 468 4212 J)
484 4150 592 4192 sonum
608 4129 641 4192 in
656 4129 819 4192 exarandis
835 4130 934 4194 titulis
951 4129 1150 4194 antecedente
1166 4151 1299 4196 consona

135 4234 318 4316 insequente
341 4231 440 4294 vocali
463 4231 553 4316 plane
568 4232 768 4314 neglexerunt
783 4231 990 4315 quadratarii3
1014 4232 1085 4296 vide
1105 4233 1181 4297 haec
1197 4255 1298 4298 exem-

134 4335 205 4420 pla:
236 4331 433 4418 ἱαραρχὸντων
446 4335 497 4412 27,
519 4361 537 4399 a.
560 4334 637 4413 28,3
659 4331 747 4396 Orch.
772 4333 862 4402 Ξένος
875 4335 945 4412 159,
962 4362 974 4399 a
989 4334 1093 4418 Hyett.
1118 4334 1297 4419 Μνασιγένος

137 4437 210 4516 114,
226 4463 238 4502 a
255 4435 329 4520 Cop.
353 4435 486 4499 Φενάταν
499 4436 570 4515 181,
586 4463 598 4500 r
614 4435 718 4500 Chors.
731 4472 773 4481 -
787 4437 823 4498 cf.
840 4435 968 4500 Meister
984 4437 1116 4521 ,griech
1133 4437 1295 4504 Dialelrte“

137 4562 169 4626 p.
188 4538 252 4602 244
263 4557 330 4621 sqq.
364 4573 406 4583 -
438 4538 546 4621 Neque
576 4541 638 4604 alia
665 4539 703 4602 de
730 4557 824 4601 causa
856 4538 883 4601 is
917 4538 969 4623 qui
1001 4539 1050 4603 tit.
1069 4540 1107 4605 11
1131 4539 1219 4606 Orch.
1251 4563 1295 4607 ca.
