<?xml version="1.0" encoding="UTF-8"?>
<!DOCTYPE html PUBLIC "-//W3C//DTD XHTML 1.0 Transitional//EN"
    "http://www.w3.org/TR/xhtml1/DTD/xhtml1-transitional.dtd">
<html xmlns="http://www.w3.org/1999/xhtml" xml:lang="en" lang="en">
 <head>
  <title>
</title>
<meta http-equiv="Content-Type" content="text/html;charset=utf-8" />
  <meta name='ocr-system' content='tesseract 3.04.00' />
  <meta name='ocr-capabilities' content='ocr_page ocr_carea ocr_par ocr_line ocrx_word'/>
</head>
<body>
  <div class='ocr_page' id='page_1' title='image "./syllogeinscript00larfgoog_0034.png"; bbox 0 0 3232 5262; ppageno 0'>
   <div class='ocr_carea' id='block_1_1' title="bbox 696 403 746 458">
    <p class='ocr_par' dir='ltr' id='par_1_1' title="bbox 696 403 746 458">
     <span class='ocr_line' id='line_1_1' title="bbox 696 403 746 458; baseline 0.04 -2"><span class='ocrx_word' id='word_1_1' title='bbox 696 403 746 458; x_wconf 83' lang='lat' dir='ltr'>XV</span> 
     </span>
    </p>
   </div>
   <div class='ocr_carea' id='block_1_2' title="bbox 130 559 1298 1259">
    <p class='ocr_par' dir='ltr' id='par_1_2' title="bbox 130 559 1298 1259">
     <span class='ocr_line' id='line_1_2' title="bbox 223 559 1298 646; baseline 0.003 -24"><span class='ocrx_word' id='word_1_2' title='bbox 223 559 259 622; x_wconf 94' lang='lat' dir='ltr'>In</span> <span class='ocrx_word' id='word_1_3' title='bbox 286 560 396 623; x_wconf 88' lang='lat' dir='ltr'>ceteris</span> <span class='ocrx_word' id='word_1_4' title='bbox 418 559 449 622; x_wconf 92' lang='lat' dir='ltr'>id</span> <span class='ocrx_word' id='word_1_5' title='bbox 473 580 569 642; x_wconf 86' lang='lat' dir='ltr'>genus</span> <span class='ocrx_word' id='word_1_6' title='bbox 592 560 692 624; x_wconf 89' lang='lat' dir='ltr'>titulis</span> <span class='ocrx_word' id='word_1_7' title='bbox 717 560 861 625; x_wconf 92' lang='lat' dir='ltr'>omuibus</span> <span class='ocrx_word' id='word_1_8' title='bbox 884 561 1019 645; x_wconf 91' lang='lat' dir='ltr'>genetivi</span> <span class='ocrx_word' id='word_1_9' title='bbox 1041 559 1195 625; x_wconf 90' lang='lat' dir='ltr'>adieetiva</span> <span class='ocrx_word' id='word_1_10' title='bbox 1216 583 1298 646; x_wconf 91' lang='lat' dir='ltr'>pror-</span> 
     </span>
     <span class='ocr_line' id='line_1_3' title="bbox 134 661 1296 747; baseline 0.002 -21"><span class='ocrx_word' id='word_1_11' title='bbox 134 683 189 727; x_wconf 90' lang='lat' dir='ltr'>sus</span> <span class='ocrx_word' id='word_1_12' title='bbox 212 661 404 747; x_wconf 82' lang='lat' dir='ltr'>expulerunt.</span> <span class='ocrx_word' id='word_1_13' title='bbox 429 699 470 706; x_wconf 98' lang='lat'><em>-</em></span> <span class='ocrx_word' id='word_1_14' title='bbox 496 661 585 725; x_wconf 83' lang='lat' dir='ltr'><strong>Unde</strong></span> <span class='ocrx_word' id='word_1_15' title='bbox 616 661 760 740; x_wconf 87' lang='lat' dir='ltr'>efficitur,</span> <span class='ocrx_word' id='word_1_16' title='bbox 787 663 895 727; x_wconf 89' lang='lat' dir='ltr'>eadem</span> <span class='ocrx_word' id='word_1_17' title='bbox 924 668 1026 728; x_wconf 89' lang='lat' dir='ltr'>aetate</span> <span class='ocrx_word' id='word_1_18' title='bbox 1053 663 1086 726; x_wconf 94' lang='lat' dir='ltr'>in</span> <span class='ocrx_word' id='word_1_19' title='bbox 1113 662 1296 728; x_wconf 71' lang='lat' dir='ltr'>Boeotorum</span> 
     </span>
     <span class='ocr_line' id='line_1_4' title="bbox 134 763 1298 852; baseline 0.003 -26"><span class='ocrx_word' id='word_1_20' title='bbox 134 784 275 828; x_wconf 89' lang='lat' dir='ltr'>sermone</span> <span class='ocrx_word' id='word_1_21' title='bbox 298 763 453 828; x_wconf 88' lang='lat' dir='ltr'>adiectiva</span> <span class='ocrx_word' id='word_1_22' title='bbox 472 763 647 848; x_wconf 90' lang='lat' dir='ltr'>possessiva</span> <span class='ocrx_word' id='word_1_23' title='bbox 662 784 729 828; x_wconf 92' lang='lat' dir='ltr'>esse</span> <span class='ocrx_word' id='word_1_24' title='bbox 745 767 924 852; x_wconf 86' lang='lat' dir='ltr'>exstirpata,</span> <span class='ocrx_word' id='word_1_25' title='bbox 948 786 1009 849; x_wconf 92' lang='lat' dir='ltr'>qua</span> <span class='ocrx_word' id='word_1_26' title='bbox 1024 789 1051 828; x_wconf 77' lang='lat' dir='ltr'>or</span> <span class='ocrx_word' id='word_1_27' title='bbox 1066 786 1158 829; x_wconf 90' lang='lat' dir='ltr'>sonus</span> <span class='ocrx_word' id='word_1_28' title='bbox 1174 766 1206 828; x_wconf 93' lang='lat' dir='ltr'>in</span> <span class='ocrx_word' id='word_1_29' title='bbox 1223 791 1239 829; x_wconf 91' lang='lat' dir='ltr'>o</span> <span class='ocrx_word' id='word_1_30' title='bbox 1255 766 1298 830; x_wconf 89' lang='lat' dir='ltr'>sit</span> 
     </span>
     <span class='ocr_line' id='line_1_5' title="bbox 134 865 1298 950; baseline 0.003 -20"><span class='ocrx_word' id='word_1_31' title='bbox 134 873 324 930; x_wconf 88' lang='lat' dir='ltr'>attenuatus.</span> <span class='ocrx_word' id='word_1_32' title='bbox 370 865 464 929; x_wconf 84' lang='lat' dir='ltr'>Cuius</span> <span class='ocrx_word' id='word_1_33' title='bbox 486 865 668 950; x_wconf 82' lang='lat' dir='ltr'>diphthongi</span> <span class='ocrx_word' id='word_1_34' title='bbox 690 867 894 932; x_wconf 82' lang='lat' dir='ltr'>mutationem</span> <span class='ocrx_word' id='word_1_35' title='bbox 914 868 940 932; x_wconf 90' lang='lat' dir='ltr'>si</span> <span class='ocrx_word' id='word_1_36' title='bbox 959 889 1030 932; x_wconf 92' lang='lat' dir='ltr'>vere</span> <span class='ocrx_word' id='word_1_37' title='bbox 1046 867 1118 932; x_wconf 92' lang='lat' dir='ltr'>inde</span> <span class='ocrx_word' id='word_1_38' title='bbox 1134 868 1173 932; x_wconf 93' lang='lat' dir='ltr'>ab</span> <span class='ocrx_word' id='word_1_39' title='bbox 1190 889 1217 931; x_wconf 89' lang='lat' dir='ltr'>a.</span> <span class='ocrx_word' id='word_1_40' title='bbox 1234 869 1298 934; x_wconf 79' lang='grc'>230</span> 
     </span>
     <span class='ocr_line' id='line_1_6' title="bbox 132 967 1297 1055; baseline 0.002 -23"><span class='ocrx_word' id='word_1_41' title='bbox 132 970 196 1033; x_wconf 91' lang='lat' dir='ltr'>fere</span> <span class='ocrx_word' id='word_1_42' title='bbox 212 990 239 1032; x_wconf 91' lang='lat' dir='ltr'>a.</span> <span class='ocrx_word' id='word_1_43' title='bbox 253 968 322 1032; x_wconf 86' lang='lat' dir='ltr'>Chr.</span> <span class='ocrx_word' id='word_1_44' title='bbox 338 967 506 1032; x_wconf 89' lang='lat' dir='ltr'>invaluisse</span> <span class='ocrx_word' id='word_1_45' title='bbox 522 968 731 1032; x_wconf 78' lang='lat' dir='ltr'>censuerimus</span> <span class='ocrx_word' id='word_1_46' title='bbox 746 969 832 1052; x_wconf 87' lang='lat' dir='ltr'>(vide</span> <span class='ocrx_word' id='word_1_47' title='bbox 852 992 882 1055; x_wconf 90' lang='lat' dir='ltr'>p.</span> <span class='ocrx_word' id='word_1_48' title='bbox 899 969 1004 1054; x_wconf 90' lang='lat' dir='ltr'>XXI),</span> <span class='ocrx_word' id='word_1_49' title='bbox 1025 969 1182 1052; x_wconf 90' lang='lat' dir='ltr'>genetivos</span> <span class='ocrx_word' id='word_1_50' title='bbox 1202 971 1297 1036; x_wconf 88' lang='lat' dir='ltr'>etiam</span> 
     </span>
     <span class='ocr_line' id='line_1_7' title="bbox 132 1069 1296 1156; baseline 0.003 -22"><span class='ocrx_word' id='word_1_51' title='bbox 132 1071 264 1136; x_wconf 89' lang='lat' dir='ltr'>-licet</span> <span class='ocrx_word' id='word_1_52' title='bbox 285 1071 403 1154; x_wconf 85' lang='lat' dir='ltr'>aliquot</span> <span class='ocrx_word' id='word_1_53' title='bbox 424 1070 512 1133; x_wconf 90' lang='lat' dir='ltr'>annis</span> <span class='ocrx_word' id='word_1_54' title='bbox 534 1075 605 1133; x_wconf 90' lang='lat' dir='ltr'>aute</span> <span class='ocrx_word' id='word_1_55' title='bbox 625 1069 675 1133; x_wconf 92' lang='lat' dir='ltr'>hic</span> <span class='ocrx_word' id='word_1_56' title='bbox 697 1070 761 1134; x_wconf 92' lang='lat' dir='ltr'>illic</span> <span class='ocrx_word' id='word_1_57' title='bbox 784 1071 1051 1156; x_wconf 89' lang='lat' dir='ltr'>deprehendantur</span> <span class='ocrx_word' id='word_1_58' title='bbox 1064 1109 1106 1118; x_wconf 94' lang='lat'><em>-</em></span> <span class='ocrx_word' id='word_1_59' title='bbox 1121 1074 1202 1138; x_wconf 89' lang='lat' dir='ltr'>cirea</span> <span class='ocrx_word' id='word_1_60' title='bbox 1216 1073 1296 1137; x_wconf 89' lang='lat' dir='ltr'>hunc</span> 
     </span>
     <span class='ocr_line' id='line_1_8' title="bbox 130 1171 1151 1259; baseline 0.002 -23"><span class='ocrx_word' id='word_1_61' title='bbox 130 1175 236 1258; x_wconf 91' lang='lat' dir='ltr'>ipsum</span> <span class='ocrx_word' id='word_1_62' title='bbox 258 1195 374 1237; x_wconf 90' lang='lat' dir='ltr'>annum</span> <span class='ocrx_word' id='word_1_63' title='bbox 396 1172 550 1236; x_wconf 88' lang='lat' dir='ltr'>adiectiva</span> <span class='ocrx_word' id='word_1_64' title='bbox 572 1171 663 1258; x_wconf 87' lang='lat' dir='ltr'>plane</span> <span class='ocrx_word' id='word_1_65' title='bbox 686 1173 841 1259; x_wconf 86' lang='lat' dir='ltr'>expulisse</span> <span class='ocrx_word' id='word_1_66' title='bbox 864 1174 922 1237; x_wconf 92' lang='lat' dir='ltr'>erit</span> <span class='ocrx_word' id='word_1_67' title='bbox 944 1175 1151 1240; x_wconf 89' lang='lat' dir='ltr'>statuendum.</span> 
     </span>
    </p>
   </div>
   <div class='ocr_carea' id='block_1_3' title="bbox 190 1471 1237 1556">
    <p class='ocr_par' dir='ltr' id='par_1_3' title="bbox 190 1471 1237 1556">
     <span class='ocr_line' id='line_1_9' title="bbox 190 1471 1237 1556; baseline 0 -20"><span class='ocrx_word' id='word_1_68' title='bbox 190 1472 236 1537; x_wconf 92' lang='lat' dir='ltr'>II.</span> <span class='ocrx_word' id='word_1_69' title='bbox 271 1472 321 1536; x_wconf 84' lang='lat' dir='ltr'>Dc</span> <span class='ocrx_word' id='word_1_70' title='bbox 341 1496 371 1536; x_wconf 84' lang='grc' dir='ltr'>αι</span> <span class='ocrx_word' id='word_1_71' title='bbox 391 1483 421 1534; x_wconf 82' lang='lat' dir='ltr'>et</span> <span class='ocrx_word' id='word_1_72' title='bbox 440 1495 468 1534; x_wconf 82' lang='lat' dir='ltr'>et</span> <span class='ocrx_word' id='word_1_73' title='bbox 489 1471 684 1556; x_wconf 72' lang='lat' dir='ltr'>daphthorrpa‘s</span> <span class='ocrx_word' id='word_1_74' title='bbox 705 1474 740 1534; x_wconf 81' lang='lat' dir='ltr'>ia</span> <span class='ocrx_word' id='word_1_75' title='bbox 761 1471 823 1555; x_wconf 78' lang='lat' dir='ltr'>(oia)</span> <span class='ocrx_word' id='word_1_76' title='bbox 845 1497 865 1556; x_wconf 76' lang='grc' dir='ltr'><em>η</em></span> <span class='ocrx_word' id='word_1_77' title='bbox 888 1484 916 1535; x_wconf 84' lang='lat' dir='ltr'>et</span> <span class='ocrx_word' id='word_1_78' title='bbox 937 1473 997 1556; x_wconf 84' lang='lat' dir='ltr'>(oa)</span> <span class='ocrx_word' id='word_1_79' title='bbox 1021 1497 1038 1536; x_wconf 89' lang='lat' dir='ltr'>o</span> <span class='ocrx_word' id='word_1_80' title='bbox 1061 1475 1237 1538; x_wconf 65' lang='lat' dir='ltr'>admuntis.</span> 
     </span>
    </p>
   </div>
   <div class='ocr_carea' id='block_1_4' title="bbox 129 1627 1293 2020">
    <p class='ocr_par' dir='ltr' id='par_1_4' title="bbox 129 1627 1293 2020">
     <span class='ocr_line' id='line_1_10' title="bbox 197 1627 1292 1694; baseline 0.001 -2"><span class='ocrx_word' id='word_1_81' title='bbox 197 1628 346 1692; x_wconf 85' lang='lat' dir='ltr'>Sonorum</span> <span class='ocrx_word' id='word_1_82' title='bbox 369 1652 399 1690; x_wconf 87' lang='grc' dir='ltr'>αι</span> <span class='ocrx_word' id='word_1_83' title='bbox 422 1633 454 1691; x_wconf 90' lang='lat' dir='ltr'>et</span> <span class='ocrx_word' id='word_1_84' title='bbox 475 1651 502 1690; x_wconf 84' lang='grc' dir='ltr'>οι</span> <span class='ocrx_word' id='word_1_85' title='bbox 526 1627 754 1692; x_wconf 90' lang='lat' dir='ltr'>attenuationes</span> <span class='ocrx_word' id='word_1_86' title='bbox 769 1628 801 1692; x_wconf 95' lang='lat' dir='ltr'>in</span> <span class='ocrx_word' id='word_1_87' title='bbox 818 1628 950 1694; x_wconf 90' lang='lat' dir='ltr'>dialecto</span> <span class='ocrx_word' id='word_1_88' title='bbox 965 1628 1112 1694; x_wconf 89' lang='lat' dir='ltr'>Boeotica</span> <span class='ocrx_word' id='word_1_89' title='bbox 1133 1628 1292 1693; x_wconf 81' lang='lat' dir='ltr'>adhibitae</span> 
     </span>
     <span class='ocr_line' id='line_1_11' title="bbox 130 1729 1293 1815; baseline 0 -21"><span class='ocrx_word' id='word_1_90' title='bbox 130 1730 251 1814; x_wconf 88' lang='lat' dir='ltr'>seiungi</span> <span class='ocrx_word' id='word_1_91' title='bbox 273 1729 353 1794; x_wconf 91' lang='lat' dir='ltr'>inter</span> <span class='ocrx_word' id='word_1_92' title='bbox 380 1750 414 1793; x_wconf 89' lang='lat' dir='ltr'>se</span> <span class='ocrx_word' id='word_1_93' title='bbox 443 1729 535 1815; x_wconf 89' lang='lat' dir='ltr'>plane</span> <span class='ocrx_word' id='word_1_94' title='bbox 561 1737 732 1814; x_wconf 87' lang='lat' dir='ltr'>nequeunt,</span> <span class='ocrx_word' id='word_1_95' title='bbox 760 1752 829 1793; x_wconf 92' lang='lat' dir='ltr'>cum</span> <span class='ocrx_word' id='word_1_96' title='bbox 857 1737 922 1794; x_wconf 92' lang='lat' dir='ltr'>tam</span> <span class='ocrx_word' id='word_1_97' title='bbox 951 1737 1035 1796; x_wconf 90' lang='lat' dir='ltr'>arcto</span> <span class='ocrx_word' id='word_1_98' title='bbox 1062 1731 1185 1796; x_wconf 91' lang='lat' dir='ltr'>vinculo</span> <span class='ocrx_word' id='word_1_99' title='bbox 1212 1732 1293 1795; x_wconf 88' lang='lat' dir='ltr'>inter</span> 
     </span>
     <span class='ocr_line' id='line_1_12' title="bbox 130 1831 1291 1916; baseline 0.001 -20"><span class='ocrx_word' id='word_1_100' title='bbox 130 1855 164 1898; x_wconf 92' lang='lat' dir='ltr'>se</span> <span class='ocrx_word' id='word_1_101' title='bbox 187 1832 381 1911; x_wconf 81' lang='lat' dir='ltr'>cohaereant,</span> <span class='ocrx_word' id='word_1_102' title='bbox 404 1837 438 1895; x_wconf 90' lang='lat' dir='ltr'>ut</span> <span class='ocrx_word' id='word_1_103' title='bbox 461 1831 500 1896; x_wconf 93' lang='lat' dir='ltr'>de</span> <span class='ocrx_word' id='word_1_104' title='bbox 523 1831 621 1896; x_wconf 87' lang='lat' dir='ltr'>altera</span> <span class='ocrx_word' id='word_1_105' title='bbox 637 1838 706 1896; x_wconf 89' lang='lat' dir='ltr'>utra</span> <span class='ocrx_word' id='word_1_106' title='bbox 720 1841 845 1916; x_wconf 90' lang='lat' dir='ltr'>agentes</span> <span class='ocrx_word' id='word_1_107' title='bbox 861 1833 955 1898; x_wconf 88' lang='lat' dir='ltr'>simul</span> <span class='ocrx_word' id='word_1_108' title='bbox 970 1833 1100 1898; x_wconf 88' lang='lat' dir='ltr'>alteram</span> <span class='ocrx_word' id='word_1_109' title='bbox 1116 1853 1177 1898; x_wconf 92' lang='lat' dir='ltr'>uon</span> <span class='ocrx_word' id='word_1_110' title='bbox 1193 1833 1291 1898; x_wconf 92' lang='lat' dir='ltr'>solum</span> 
     </span>
     <span class='ocr_line' id='line_1_13' title="bbox 129 1933 1292 2020; baseline 0 -21"><span class='ocrx_word' id='word_1_111' title='bbox 129 1935 350 2020; x_wconf 86' lang='lat' dir='ltr'>perstringere,</span> <span class='ocrx_word' id='word_1_112' title='bbox 384 1933 439 1996; x_wconf 89' lang='lat' dir='ltr'>sed</span> <span class='ocrx_word' id='word_1_113' title='bbox 466 1941 607 1999; x_wconf 89' lang='lat' dir='ltr'>accurate</span> <span class='ocrx_word' id='word_1_114' title='bbox 638 1935 806 2000; x_wconf 85' lang='lat' dir='ltr'>debeamus</span> <span class='ocrx_word' id='word_1_115' title='bbox 833 1941 981 2016; x_wconf 89' lang='lat' dir='ltr'>tractare,</span> <span class='ocrx_word' id='word_1_116' title='bbox 1012 1944 1048 2000; x_wconf 88' lang='lat' dir='ltr'>ut</span> <span class='ocrx_word' id='word_1_117' title='bbox 1080 1942 1188 2001; x_wconf 89' lang='lat' dir='ltr'>mutuo</span> <span class='ocrx_word' id='word_1_118' title='bbox 1225 1957 1292 2000; x_wconf 89' lang='lat' dir='ltr'>sese</span> 
     </span>
    </p>
   </div>
   <div class='ocr_carea' id='block_1_5' title="bbox 130 2037 295 2102">
    <p class='ocr_par' dir='ltr' id='par_1_5' title="bbox 130 2037 295 2102">
     <span class='ocr_line' id='line_1_14' title="bbox 130 2037 295 2102; baseline -0.012 0"><span class='ocrx_word' id='word_1_119' title='bbox 130 2037 295 2102; x_wconf 88' lang='lat' dir='ltr'>illustrent.</span> 
     </span>
    </p>
   </div>
   <div class='ocr_carea' id='block_1_6' title="bbox 188 2245 1229 2308">
    <p class='ocr_par' dir='ltr' id='par_1_6' title="bbox 188 2245 1229 2308">
     <span class='ocr_line' id='line_1_15' title="bbox 188 2245 1229 2308; baseline 0.003 -13"><span class='ocrx_word' id='word_1_120' title='bbox 188 2247 221 2308; x_wconf 82' lang='lat' dir='ltr'>a)</span> <span class='ocrx_word' id='word_1_121' title='bbox 240 2245 270 2294; x_wconf 81' lang='lat' dir='ltr'>dc</span> <span class='ocrx_word' id='word_1_122' title='bbox 288 2263 314 2297; x_wconf 85' lang='grc' dir='ltr'>αι</span> <span class='ocrx_word' id='word_1_123' title='bbox 332 2256 355 2296; x_wconf 83' lang='lat' dir='ltr'>ct</span> <span class='ocrx_word' id='word_1_124' title='bbox 372 2263 396 2297; x_wconf 85' lang='lat' dir='ltr'>or</span> <span class='ocrx_word' id='word_1_125' title='bbox 413 2246 481 2295; x_wconf 79' lang='lat' dir='ltr'>roais</span> <span class='ocrx_word' id='word_1_126' title='bbox 500 2255 556 2295; x_wconf 74' lang='lat' dir='ltr'>aare</span> <span class='ocrx_word' id='word_1_127' title='bbox 575 2263 696 2297; x_wconf 77' lang='lat' dir='ltr'>consonos</span> <span class='ocrx_word' id='word_1_128' title='bbox 714 2255 737 2294; x_wconf 82' lang='lat' dir='ltr'>et</span> <span class='ocrx_word' id='word_1_129' title='bbox 754 2245 779 2295; x_wconf 84' lang='lat' dir='ltr'>in</span> <span class='ocrx_word' id='word_1_130' title='bbox 798 2245 864 2297; x_wconf 72' lang='lat' dir='ltr'>exitu</span> <span class='ocrx_word' id='word_1_131' title='bbox 884 2245 1052 2297; x_wconf 82' lang='lat' dir='ltr'>uocabulorum</span> <span class='ocrx_word' id='word_1_132' title='bbox 1070 2246 1229 2298; x_wconf 76' lang='lat' dir='ltr'>exstantibus.</span> 
     </span>
    </p>
   </div>
   <div class='ocr_carea' id='block_1_7' title="bbox 124 2365 1291 3780">
    <p class='ocr_par' dir='ltr' id='par_1_7' title="bbox 124 2365 1291 3780">
     <span class='ocr_line' id='line_1_16' title="bbox 215 2365 1291 2453; baseline 0.001 -23"><span class='ocrx_word' id='word_1_133' title='bbox 215 2367 284 2430; x_wconf 88' lang='lat' dir='ltr'>Huc</span> <span class='ocrx_word' id='word_1_134' title='bbox 306 2365 387 2430; x_wconf 91' lang='lat' dir='ltr'>trahi</span> <span class='ocrx_word' id='word_1_135' title='bbox 409 2365 503 2439; x_wconf 15' lang='lat' dir='ltr'>licere,</span> <span class='ocrx_word' id='word_1_136' title='bbox 524 2365 627 2428; x_wconf 91' lang='lat' dir='ltr'>omnia</span> <span class='ocrx_word' id='word_1_137' title='bbox 649 2365 824 2429; x_wconf 87' lang='lat' dir='ltr'>dativorum</span> <span class='ocrx_word' id='word_1_138' title='bbox 839 2366 916 2450; x_wconf 84' lang='lat' dir='ltr'>sing.</span> <span class='ocrx_word' id='word_1_139' title='bbox 932 2367 948 2429; x_wconf 95' lang='lat' dir='ltr'>I</span> <span class='ocrx_word' id='word_1_140' title='bbox 963 2375 995 2430; x_wconf 92' lang='lat' dir='ltr'>et</span> <span class='ocrx_word' id='word_1_141' title='bbox 1008 2367 1039 2429; x_wconf 92' lang='grc' dir='ltr'>ΙΙ</span> <span class='ocrx_word' id='word_1_142' title='bbox 1056 2367 1133 2431; x_wconf 92' lang='lat' dir='ltr'>decl.</span> <span class='ocrx_word' id='word_1_143' title='bbox 1150 2367 1291 2453; x_wconf 81' lang='lat' dir='ltr'>exempla</span> 
     </span>
     <span class='ocr_line' id='line_1_17' title="bbox 129 2466 1291 2551; baseline 0.001 -19"><span class='ocrx_word' id='word_1_144' title='bbox 129 2470 163 2534; x_wconf 95' lang='lat' dir='ltr'>in</span> <span class='ocrx_word' id='word_1_145' title='bbox 185 2467 226 2532; x_wconf 85' lang='lat' dir='ltr'>Al</span> <span class='ocrx_word' id='word_1_146' title='bbox 250 2475 281 2533; x_wconf 90' lang='lat' dir='ltr'>et</span> <span class='ocrx_word' id='word_1_147' title='bbox 302 2466 357 2547; x_wconf 88' lang='lat'>01,</span> <span class='ocrx_word' id='word_1_148' title='bbox 386 2473 494 2551; x_wconf 85' lang='lat' dir='ltr'>utpote</span> <span class='ocrx_word' id='word_1_149' title='bbox 522 2487 651 2550; x_wconf 91' lang='lat' dir='ltr'>quorum</span> <span class='ocrx_word' id='word_1_150' title='bbox 678 2468 919 2533; x_wconf 88' lang='lat' dir='ltr'>terminationes.</span> <span class='ocrx_word' id='word_1_151' title='bbox 939 2476 1041 2533; x_wconf 87' lang='lat' dir='ltr'>aetate</span> <span class='ocrx_word' id='word_1_152' title='bbox 1068 2470 1144 2533; x_wconf 88' lang='lat' dir='ltr'>satis</span> <span class='ocrx_word' id='word_1_153' title='bbox 1167 2477 1291 2545; x_wconf 86' lang='lat' dir='ltr'>vetusta</span> 
     </span>
     <span class='ocr_line' id='line_1_18' title="bbox 131 2569 1289 2655; baseline 0.001 -19"><span class='ocrx_word' id='word_1_154' title='bbox 131 2593 150 2635; x_wconf 92' lang='lat' dir='ltr'>a</span> <span class='ocrx_word' id='word_1_155' title='bbox 172 2571 259 2636; x_wconf 93' lang='lat' dir='ltr'>brevi</span> <span class='ocrx_word' id='word_1_156' title='bbox 282 2570 382 2635; x_wconf 90' lang='lat' dir='ltr'>vocali</span> <span class='ocrx_word' id='word_1_157' title='bbox 397 2569 522 2632; x_wconf 90' lang='lat' dir='ltr'>initium</span> <span class='ocrx_word' id='word_1_158' title='bbox 537 2569 664 2633; x_wconf 88' lang='lat' dir='ltr'>fecerint</span> <span class='ocrx_word' id='word_1_159' title='bbox 680 2569 712 2653; x_wconf 87' lang='lat'>¹),</span> <span class='ocrx_word' id='word_1_160' title='bbox 737 2591 925 2655; x_wconf 89' lang='lat' dir='ltr'>quamquam</span> <span class='ocrx_word' id='word_1_161' title='bbox 941 2592 1001 2635; x_wconf 92' lang='lat' dir='ltr'>non</span> <span class='ocrx_word' id='word_1_162' title='bbox 1016 2572 1147 2635; x_wconf 87' lang='lat' dir='ltr'>efficitur</span> <span class='ocrx_word' id='word_1_163' title='bbox 1161 2572 1209 2635; x_wconf 91' lang='lat' dir='ltr'>tit.</span> <span class='ocrx_word' id='word_1_164' title='bbox 1227 2573 1289 2637; x_wconf 84' lang='lat'>355</span> 
     </span>
     <span class='ocr_line' id='line_1_19' title="bbox 130 2667 1291 2756; baseline 0.002 -18"><span class='ocrx_word' id='word_1_165' title='bbox 130 2675 263 2756; x_wconf 81' lang='lat' dir='ltr'>Tanagr.</span> <span class='ocrx_word' id='word_1_166' title='bbox 287 2671 512 2756; x_wconf 90' lang='lat' dir='ltr'>antiquissimo,</span> <span class='ocrx_word' id='word_1_167' title='bbox 536 2671 567 2735; x_wconf 93' lang='lat' dir='ltr'>in</span> <span class='ocrx_word' id='word_1_168' title='bbox 591 2672 677 2736; x_wconf 89' lang='lat' dir='ltr'>ouius</span> <span class='ocrx_word' id='word_1_169' title='bbox 700 2673 785 2736; x_wconf 91' lang='lat' dir='ltr'>tituli</span> <span class='ocrx_word' id='word_1_170' title='bbox 808 2694 899 2736; x_wconf 89' lang='lat' dir='ltr'>versu</span> <span class='ocrx_word' id='word_1_171' title='bbox 921 2673 1099 2737; x_wconf 83' lang='lat' dir='ltr'>hexametro</span> <span class='ocrx_word' id='word_1_172' title='bbox 1122 2667 1291 2756; x_wconf 79' lang='lat' dir='ltr'>Kir(o)dloi</span> 
     </span>
     <span class='ocr_line' id='line_1_20' title="bbox 130 2766 1290 2860; baseline -0.003 -20"><span class='ocrx_word' id='word_1_173' title='bbox 130 2797 238 2840; x_wconf 91' lang='lat' dir='ltr'>vocem</span> <span class='ocrx_word' id='word_1_174' title='bbox 260 2776 291 2838; x_wconf 93' lang='lat' dir='ltr'>in</span> <span class='ocrx_word' id='word_1_175' title='bbox 315 2766 540 2860; x_wconf 80' lang='lat' dir='ltr'>diphthongum</span> <span class='ocrx_word' id='word_1_176' title='bbox 569 2781 739 2859; x_wconf 84' lang='lat' dir='ltr'>correptam</span> <span class='ocrx_word' id='word_1_177' title='bbox 768 2774 906 2839; x_wconf 91' lang='lat' dir='ltr'>desinere</span> <span class='ocrx_word' id='word_1_178' title='bbox 933 2775 1024 2839; x_wconf 92' lang='lat' dir='ltr'>metri</span> <span class='ocrx_word' id='word_1_179' title='bbox 1050 2775 1168 2839; x_wconf 91' lang='lat' dir='ltr'>ratione</span> <span class='ocrx_word' id='word_1_180' title='bbox 1190 2774 1290 2858; x_wconf 91' lang='lat' dir='ltr'>argui-</span> 
     </span>
     <span class='ocr_line' id='line_1_21' title="bbox 128 2874 1290 2962; baseline 0 -21"><span class='ocrx_word' id='word_1_181' title='bbox 128 2884 192 2958; x_wconf 92' lang='lat' dir='ltr'>tur,</span> <span class='ocrx_word' id='word_1_182' title='bbox 225 2884 259 2941; x_wconf 95' lang='lat' dir='ltr'>at</span> <span class='ocrx_word' id='word_1_183' title='bbox 286 2882 389 2940; x_wconf 92' lang='lat' dir='ltr'>tamen</span> <span class='ocrx_word' id='word_1_184' title='bbox 418 2876 541 2940; x_wconf 91' lang='lat' dir='ltr'>omnino</span> <span class='ocrx_word' id='word_1_185' title='bbox 569 2875 610 2940; x_wconf 84' lang='lat' dir='ltr'>Al</span> <span class='ocrx_word' id='word_1_186' title='bbox 640 2882 673 2941; x_wconf 89' lang='lat' dir='ltr'>et</span> <span class='ocrx_word' id='word_1_187' title='bbox 699 2874 738 2941; x_wconf 90' lang='lat'>01</span> <span class='ocrx_word' id='word_1_188' title='bbox 765 2877 879 2940; x_wconf 87' lang='lat' dir='ltr'>litteris</span> <span class='ocrx_word' id='word_1_189' title='bbox 905 2877 937 2940; x_wconf 94' lang='lat' dir='ltr'>in</span> <span class='ocrx_word' id='word_1_190' title='bbox 963 2877 1214 2962; x_wconf 88' lang='lat' dir='ltr'>inscriptionibus</span> <span class='ocrx_word' id='word_1_191' title='bbox 1240 2877 1290 2942; x_wconf 95' lang='lat' dir='ltr'>vel</span> 
     </span>
     <span class='ocr_line' id='line_1_22' title="bbox 127 2974 1289 3066; baseline -0.002 -21"><span class='ocrx_word' id='word_1_192' title='bbox 127 2979 349 3045; x_wconf 88' lang='lat' dir='ltr'>vetustissimis</span> <span class='ocrx_word' id='word_1_193' title='bbox 371 2999 432 3044; x_wconf 92' lang='lat' dir='ltr'>non</span> <span class='ocrx_word' id='word_1_194' title='bbox 454 2991 499 3058; x_wconf 83' lang='grc' dir='ltr'>ᾱι,</span> <span class='ocrx_word' id='word_1_195' title='bbox 527 3002 563 3040; x_wconf 83' lang='lat' dir='ltr'>eu</span> <span class='ocrx_word' id='word_1_196' title='bbox 584 2977 640 3042; x_wconf 90' lang='lat' dir='ltr'>sed</span> <span class='ocrx_word' id='word_1_197' title='bbox 662 2974 705 3058; x_wconf 77' lang='lat' dir='ltr'>dr,</span> <span class='ocrx_word' id='word_1_198' title='bbox 734 2998 762 3041; x_wconf 79' lang='lat' dir='ltr'>or</span> <span class='ocrx_word' id='word_1_199' title='bbox 785 2999 928 3042; x_wconf 91' lang='lat' dir='ltr'>sonorum</span> <span class='ocrx_word' id='word_1_200' title='bbox 955 2979 1020 3044; x_wconf 94' lang='lat' dir='ltr'>vim</span> <span class='ocrx_word' id='word_1_201' title='bbox 1046 2979 1180 3044; x_wconf 90' lang='lat' dir='ltr'>tribuere</span> <span class='ocrx_word' id='word_1_202' title='bbox 1203 3001 1289 3066; x_wconf 73' lang='lat' dir='ltr'>prae7</span> 
     </span>
     <span class='ocr_line' id='line_1_23' title="bbox 129 3081 1289 3167; baseline -0.002 -19"><span class='ocrx_word' id='word_1_203' title='bbox 129 3091 202 3148; x_wconf 87' lang='lat' dir='ltr'>stat.</span> <span class='ocrx_word' id='word_1_204' title='bbox 228 3120 268 3129; x_wconf 92' lang='lat'>—</span> <span class='ocrx_word' id='word_1_205' title='bbox 291 3083 389 3159; x_wconf 84' lang='lat' dir='ltr'>Quare</span> <span class='ocrx_word' id='word_1_206' title='bbox 412 3081 457 3145; x_wconf 91' lang='lat' dir='ltr'>nil</span> <span class='ocrx_word' id='word_1_207' title='bbox 479 3081 608 3161; x_wconf 91' lang='lat' dir='ltr'>mirum,</span> <span class='ocrx_word' id='word_1_208' title='bbox 636 3081 718 3166; x_wconf 93' lang='lat' dir='ltr'>quod</span> <span class='ocrx_word' id='word_1_209' title='bbox 744 3082 921 3166; x_wconf 84' lang='lat' dir='ltr'>exemplum</span> <span class='ocrx_word' id='word_1_210' title='bbox 950 3105 981 3145; x_wconf 86' lang='lat' dir='ltr'>co</span> <span class='ocrx_word' id='word_1_211' title='bbox 1007 3081 1188 3167; x_wconf 88' lang='lat' dir='ltr'>diphthongi</span> <span class='ocrx_word' id='word_1_212' title='bbox 1215 3084 1247 3147; x_wconf 96' lang='lat' dir='ltr'>in</span> <span class='ocrx_word' id='word_1_213' title='bbox 1270 3096 1289 3147; x_wconf 86' lang='grc' dir='ltr'><em>ᾱ</em></span> 
     </span>
     <span class='ocr_line' id='line_1_24' title="bbox 126 3183 1287 3269; baseline -0.002 -19"><span class='ocrx_word' id='word_1_214' title='bbox 126 3185 267 3250; x_wconf 85' lang='lat' dir='ltr'>vocalem</span> <span class='ocrx_word' id='word_1_215' title='bbox 290 3190 468 3249; x_wconf 86' lang='lat' dir='ltr'>attenuatae</span> <span class='ocrx_word' id='word_1_216' title='bbox 495 3184 528 3247; x_wconf 94' lang='lat' dir='ltr'>in</span> <span class='ocrx_word' id='word_1_217' title='bbox 551 3184 682 3248; x_wconf 89' lang='lat' dir='ltr'>dialecto</span> <span class='ocrx_word' id='word_1_218' title='bbox 705 3183 850 3248; x_wconf 89' lang='lat' dir='ltr'>Boeotica</span> <span class='ocrx_word' id='word_1_219' title='bbox 872 3184 1061 3269; x_wconf 89' lang='lat' dir='ltr'>probabilius</span> <span class='ocrx_word' id='word_1_220' title='bbox 1085 3183 1287 3248; x_wconf 90' lang='lat' dir='ltr'>desideratur.</span> 
     </span>
     <span class='ocr_line' id='line_1_25' title="bbox 127 3283 1287 3372; baseline 0 -22"><span class='ocrx_word' id='word_1_221' title='bbox 127 3287 209 3351; x_wconf 90' lang='lat' dir='ltr'>Nam</span> <span class='ocrx_word' id='word_1_222' title='bbox 232 3286 314 3372; x_wconf 92' lang='lat' dir='ltr'>quod</span> <span class='ocrx_word' id='word_1_223' title='bbox 335 3287 367 3350; x_wconf 94' lang='lat' dir='ltr'>in</span> <span class='ocrx_word' id='word_1_224' title='bbox 390 3286 439 3350; x_wconf 92' lang='lat' dir='ltr'>tit.</span> <span class='ocrx_word' id='word_1_225' title='bbox 459 3286 500 3351; x_wconf 80' lang='lat'>52</span> <span class='ocrx_word' id='word_1_226' title='bbox 516 3286 623 3350; x_wconf 88' lang='lat' dir='ltr'>Chaer.</span> <span class='ocrx_word' id='word_1_227' title='bbox 636 3284 789 3370; x_wconf 83' lang='grc' dir='ltr'>Ἀρτάμιὸι</span> <span class='ocrx_word' id='word_1_228' title='bbox 810 3283 960 3349; x_wconf 79' lang='grc' dir='ltr'>Εἰλειθυία</span> <span class='ocrx_word' id='word_1_229' title='bbox 981 3293 1093 3366; x_wconf 84' lang='lat' dir='ltr'>exstat,</span> <span class='ocrx_word' id='word_1_230' title='bbox 1116 3287 1156 3350; x_wconf 85' lang='lat' dir='ltr'>ab</span> <span class='ocrx_word' id='word_1_231' title='bbox 1179 3306 1214 3350; x_wconf 91' lang='lat' dir='ltr'>eo</span> <span class='ocrx_word' id='word_1_232' title='bbox 1236 3286 1287 3370; x_wconf 93' lang='lat' dir='ltr'>qui</span> 
     </span>
     <span class='ocr_line' id='line_1_26' title="bbox 127 3386 1287 3474; baseline 0 -22"><span class='ocrx_word' id='word_1_233' title='bbox 127 3389 294 3474; x_wconf 91' lang='lat' dir='ltr'>descripsit</span> <span class='ocrx_word' id='word_1_234' title='bbox 315 3389 476 3452; x_wconf 88' lang='lat' dir='ltr'>turbatum</span> <span class='ocrx_word' id='word_1_235' title='bbox 503 3410 585 3468; x_wconf 91' lang='lat' dir='ltr'>esse,</span> <span class='ocrx_word' id='word_1_236' title='bbox 613 3410 683 3452; x_wconf 92' lang='lat' dir='ltr'>cum</span> <span class='ocrx_word' id='word_1_237' title='bbox 709 3386 800 3450; x_wconf 90' lang='lat' dir='ltr'>titulo</span> <span class='ocrx_word' id='word_1_238' title='bbox 826 3387 1002 3472; x_wconf 89' lang='lat' dir='ltr'>insequenti</span> <span class='ocrx_word' id='word_1_239' title='bbox 1028 3389 1101 3453; x_wconf 92' lang='lat' dir='ltr'>huic</span> <span class='ocrx_word' id='word_1_240' title='bbox 1128 3387 1287 3452; x_wconf 90' lang='lat' dir='ltr'>simillimo</span> 
     </span>
     <span class='ocr_line' id='line_1_27' title="bbox 125 3489 1286 3577; baseline 0.001 -24"><span class='ocrx_word' id='word_1_241' title='bbox 125 3489 259 3575; x_wconf 75' lang='grc' dir='ltr'>Εἰλειθίη</span> <span class='ocrx_word' id='word_1_242' title='bbox 282 3491 444 3576; x_wconf 90' lang='lat' dir='ltr'>praebenti</span> <span class='ocrx_word' id='word_1_243' title='bbox 458 3491 495 3555; x_wconf 89' lang='lat' dir='ltr'>fit</span> <span class='ocrx_word' id='word_1_244' title='bbox 510 3489 679 3577; x_wconf 85' lang='lat' dir='ltr'>probabile,</span> <span class='ocrx_word' id='word_1_245' title='bbox 695 3496 762 3552; x_wconf 91' lang='lat' dir='ltr'>turn</span> <span class='ocrx_word' id='word_1_246' title='bbox 778 3489 910 3552; x_wconf 88' lang='lat' dir='ltr'>aliorum</span> <span class='ocrx_word' id='word_1_247' title='bbox 925 3492 1109 3576; x_wconf 91' lang='lat' dir='ltr'>apographis</span> <span class='ocrx_word' id='word_1_248' title='bbox 1126 3491 1286 3556; x_wconf 89' lang='lat' dir='ltr'>evincitur.</span> 
     </span>
     <span class='ocr_line' id='line_1_28' title="bbox 124 3587 1287 3677; baseline -0.001 -21"><span class='ocrx_word' id='word_1_249' title='bbox 124 3593 260 3677; x_wconf 90' lang='lat' dir='ltr'>Ideoque</span> <span class='ocrx_word' id='word_1_250' title='bbox 293 3593 327 3656; x_wconf 91' lang='lat' dir='ltr'>in</span> <span class='ocrx_word' id='word_1_251' title='bbox 359 3593 408 3656; x_wconf 92' lang='lat' dir='ltr'>tit.</span> <span class='ocrx_word' id='word_1_252' title='bbox 436 3593 500 3656; x_wconf 85' lang='lat'>330</span> <span class='ocrx_word' id='word_1_253' title='bbox 533 3593 665 3675; x_wconf 88' lang='lat' dir='ltr'>Tanagr.</span> <span class='ocrx_word' id='word_1_254' title='bbox 696 3587 762 3654; x_wconf 68' lang='lat' dir='ltr'>&#39;Ero</span> <span class='ocrx_word' id='word_1_255' title='bbox 792 3589 1039 3676; x_wconf 82' lang='grc' dir='ltr'><strong>Ἀθανοδ[ώ]ρα[ι</strong></span> <span class='ocrx_word' id='word_1_256' title='bbox 1073 3601 1104 3658; x_wconf 88' lang='lat' dir='ltr'>et</span> <span class='ocrx_word' id='word_1_257' title='bbox 1130 3594 1193 3658; x_wconf 88' lang='grc'>343</span> <span class='ocrx_word' id='word_1_258' title='bbox 1222 3591 1287 3656; x_wconf 82' lang='grc' dir='ltr'>Ἐπὶ</span> 
     </span>
     <span class='ocr_line' id='line_1_29' title="bbox 124 3693 1073 3780; baseline 0 -22"><span class='ocrx_word' id='word_1_259' title='bbox 124 3693 304 3780; x_wconf 72' lang='lat' dir='ltr'>Ed[t]eubou</span> <span class='ocrx_word' id='word_1_260' title='bbox 327 3719 336 3757; x_wconf 89' lang='grc' dir='ltr'>ι</span> <span class='ocrx_word' id='word_1_261' title='bbox 359 3693 497 3759; x_wconf 90' lang='lat' dir='ltr'>litteram</span> <span class='ocrx_word' id='word_1_262' title='bbox 520 3694 668 3760; x_wconf 91' lang='lat' dir='ltr'>detritam</span> <span class='ocrx_word' id='word_1_263' title='bbox 691 3714 758 3757; x_wconf 92' lang='lat' dir='ltr'>esse</span> <span class='ocrx_word' id='word_1_264' title='bbox 782 3693 840 3757; x_wconf 86' lang='lat' dir='ltr'>erit</span> <span class='ocrx_word' id='word_1_265' title='bbox 861 3695 1073 3760; x_wconf 91' lang='lat' dir='ltr'>statuendum.</span> 
     </span>
    </p>
   </div>
   <div class='ocr_carea' id='block_1_8' title="bbox 121 3945 1286 4632">
    <p class='ocr_par' dir='ltr' id='par_1_8' title="bbox 121 3945 1286 4632">
     <span class='ocr_line' id='line_1_30' title="bbox 198 3945 1286 4020; baseline -0.002 -15"><span class='ocrx_word' id='word_1_266' title='bbox 198 3953 218 4020; x_wconf 92' lang='lat'>¹)</span> <span class='ocrx_word' id='word_1_267' title='bbox 236 3952 331 4006; x_wconf 83' lang='lat' dir='ltr'>Adhuc</span> <span class='ocrx_word' id='word_1_268' title='bbox 348 3952 411 4004; x_wconf 85' lang='lat' dir='ltr'>viris</span> <span class='ocrx_word' id='word_1_269' title='bbox 429 3951 513 4004; x_wconf 88' lang='lat' dir='ltr'>doctis</span> <span class='ocrx_word' id='word_1_270' title='bbox 532 3952 607 4004; x_wconf 89' lang='lat' dir='ltr'>stetit</span> <span class='ocrx_word' id='word_1_271' title='bbox 625 3953 765 4019; x_wconf 84' lang='lat' dir='ltr'>sententia,</span> <span class='ocrx_word' id='word_1_272' title='bbox 789 3945 815 4006; x_wconf 79' lang='grc' dir='ltr'>ἅι</span> <span class='ocrx_word' id='word_1_273' title='bbox 832 3957 858 4006; x_wconf 91' lang='lat' dir='ltr'>et</span> <span class='ocrx_word' id='word_1_274' title='bbox 876 3970 899 4005; x_wconf 86' lang='grc' dir='ltr'>οι</span> <span class='ocrx_word' id='word_1_275' title='bbox 912 3953 1109 4006; x_wconf 84' lang='lat' dir='ltr'>terminationes</span> <span class='ocrx_word' id='word_1_276' title='bbox 1124 3951 1286 4019; x_wconf 88' lang='lat' dir='ltr'>correptione</span> 
     </span>
     <span class='ocr_line' id='line_1_31' title="bbox 124 4039 1286 4108; baseline -0.004 -14"><span class='ocrx_word' id='word_1_277' title='bbox 124 4057 158 4095; x_wconf 83' lang='lat' dir='ltr'>ex</span> <span class='ocrx_word' id='word_1_278' title='bbox 179 4043 205 4093; x_wconf 83' lang='grc' dir='ltr'>ἂι</span> <span class='ocrx_word' id='word_1_279' title='bbox 222 4043 250 4093; x_wconf 89' lang='lat' dir='ltr'>et</span> <span class='ocrx_word' id='word_1_280' title='bbox 268 4057 300 4092; x_wconf 78' lang='lat' dir='ltr'>ur</span> <span class='ocrx_word' id='word_1_281' title='bbox 318 4054 374 4092; x_wconf 83' lang='lat' dir='ltr'>esse</span> <span class='ocrx_word' id='word_1_282' title='bbox 391 4042 477 4092; x_wconf 90' lang='lat' dir='ltr'>natas.</span> <span class='ocrx_word' id='word_1_283' title='bbox 512 4039 544 4092; x_wconf 92' lang='lat' dir='ltr'>In</span> <span class='ocrx_word' id='word_1_284' title='bbox 562 4039 753 4093; x_wconf 88' lang='lat' dir='ltr'>dubitationem</span> <span class='ocrx_word' id='word_1_285' title='bbox 776 4041 880 4094; x_wconf 87' lang='lat' dir='ltr'>vocavit</span> <span class='ocrx_word' id='word_1_286' title='bbox 898 4039 930 4093; x_wconf 86' lang='lat' dir='ltr'>G.</span> <span class='ocrx_word' id='word_1_287' title='bbox 948 4041 1034 4108; x_wconf 83' lang='lat' dir='ltr'>lleyer</span> <span class='ocrx_word' id='word_1_288' title='bbox 1052 4041 1081 4092; x_wconf 93' lang='lat' dir='ltr'>in</span> <span class='ocrx_word' id='word_1_289' title='bbox 1098 4039 1186 4092; x_wconf 86' lang='lat' dir='ltr'>libello</span> <span class='ocrx_word' id='word_1_290' title='bbox 1206 4039 1286 4102; x_wconf 80' lang='lat' dir='ltr'>,Heri</span> 
     </span>
     <span class='ocr_line' id='line_1_32' title="bbox 122 4123 1286 4196; baseline -0.004 -15"><span class='ocrx_word' id='word_1_291' title='bbox 122 4125 196 4181; x_wconf 85' lang='lat' dir='ltr'>Prof.</span> <span class='ocrx_word' id='word_1_292' title='bbox 214 4141 267 4186; x_wconf 86' lang='lat' dir='ltr'>von</span> <span class='ocrx_word' id='word_1_293' title='bbox 285 4124 626 4179; x_wconf 70' lang='lat' dir='ltr'>Wilamowitzdldllendori</span> <span class='ocrx_word' id='word_1_294' title='bbox 645 4127 700 4180; x_wconf 93' lang='lat' dir='ltr'>und</span> <span class='ocrx_word' id='word_1_295' title='bbox 722 4127 763 4180; x_wconf 93' lang='lat' dir='ltr'>die</span> <span class='ocrx_word' id='word_1_296' title='bbox 782 4127 878 4196; x_wconf 89' lang='lat' dir='ltr'>griech.</span> <span class='ocrx_word' id='word_1_297' title='bbox 896 4125 1040 4178; x_wconf 82' lang='lat' dir='ltr'>Dialelrte“.</span> <span class='ocrx_word' id='word_1_298' title='bbox 1077 4125 1186 4194; x_wconf 91' lang='lat' dir='ltr'>Leipzig</span> <span class='ocrx_word' id='word_1_299' title='bbox 1210 4123 1286 4177; x_wconf 81' lang='grc'><strong>1818.</strong></span> 
     </span>
     <span class='ocr_line' id='line_1_33' title="bbox 123 4211 1285 4283; baseline -0.001 -18"><span class='ocrx_word' id='word_1_300' title='bbox 123 4231 150 4283; x_wconf 89' lang='lat' dir='ltr'>p.</span> <span class='ocrx_word' id='word_1_301' title='bbox 165 4213 199 4266; x_wconf 87' lang='grc'>14</span> <span class='ocrx_word' id='word_1_302' title='bbox 216 4212 386 4266; x_wconf 86' lang='lat' dir='ltr'>formationes</span> <span class='ocrx_word' id='word_1_303' title='bbox 404 4214 434 4266; x_wconf 94' lang='lat' dir='ltr'>in</span> <span class='ocrx_word' id='word_1_304' title='bbox 452 4231 477 4264; x_wconf 84' lang='grc' dir='ltr'>αι</span> <span class='ocrx_word' id='word_1_305' title='bbox 495 4216 521 4264; x_wconf 90' lang='lat' dir='ltr'>et</span> <span class='ocrx_word' id='word_1_306' title='bbox 540 4230 562 4264; x_wconf 86' lang='lat' dir='ltr'>cr</span> <span class='ocrx_word' id='word_1_307' title='bbox 580 4213 705 4266; x_wconf 90' lang='lat' dir='ltr'>locativos</span> <span class='ocrx_word' id='word_1_308' title='bbox 724 4213 863 4266; x_wconf 90' lang='lat' dir='ltr'>adfirmans</span> <span class='ocrx_word' id='word_1_309' title='bbox 882 4227 938 4264; x_wconf 90' lang='lat' dir='ltr'>esse</span> <span class='ocrx_word' id='word_1_310' title='bbox 956 4211 1104 4279; x_wconf 87' lang='lat' dir='ltr'>habendas,</span> <span class='ocrx_word' id='word_1_311' title='bbox 1123 4213 1168 4280; x_wconf 92' lang='lat' dir='ltr'>qui</span> <span class='ocrx_word' id='word_1_312' title='bbox 1185 4212 1285 4264; x_wconf 88' lang='lat' dir='ltr'>dativo-</span> 
     </span>
     <span class='ocr_line' id='line_1_34' title="bbox 122 4298 1285 4364; baseline -0.003 -10"><span class='ocrx_word' id='word_1_313' title='bbox 122 4317 182 4354; x_wconf 92' lang='lat' dir='ltr'>rum</span> <span class='ocrx_word' id='word_1_314' title='bbox 199 4301 257 4354; x_wconf 86' lang='lat' dir='ltr'>vice</span> <span class='ocrx_word' id='word_1_315' title='bbox 275 4303 417 4354; x_wconf 86' lang='lat' dir='ltr'>ceterorum</span> <span class='ocrx_word' id='word_1_316' title='bbox 431 4299 589 4352; x_wconf 83' lang='lat' dir='ltr'>Graecorum</span> <span class='ocrx_word' id='word_1_317' title='bbox 608 4303 637 4355; x_wconf 93' lang='lat' dir='ltr'>in</span> <span class='ocrx_word' id='word_1_318' title='bbox 655 4301 681 4356; x_wconf 82' lang='grc' dir='ltr'>ἆι</span> <span class='ocrx_word' id='word_1_319' title='bbox 699 4305 725 4354; x_wconf 89' lang='lat' dir='ltr'>et</span> <span class='ocrx_word' id='word_1_320' title='bbox 743 4318 775 4352; x_wconf 85' lang='grc' dir='ltr'>ωι</span> <span class='ocrx_word' id='word_1_321' title='bbox 793 4299 968 4352; x_wconf 89' lang='lat' dir='ltr'>desinentium</span> <span class='ocrx_word' id='word_1_322' title='bbox 985 4298 1069 4350; x_wconf 88' lang='lat' dir='ltr'>functi</span> <span class='ocrx_word' id='word_1_323' title='bbox 1087 4299 1153 4364; x_wconf 90' lang='lat' dir='ltr'>sint;</span> <span class='ocrx_word' id='word_1_324' title='bbox 1171 4301 1201 4352; x_wconf 95' lang='lat' dir='ltr'>in</span> <span class='ocrx_word' id='word_1_325' title='bbox 1216 4315 1285 4351; x_wconf 87' lang='lat' dir='ltr'>com-</span> 
     </span>
     <span class='ocr_line' id='line_1_35' title="bbox 121 4381 1285 4458; baseline -0.004 -16"><span class='ocrx_word' id='word_1_326' title='bbox 121 4389 287 4458; x_wconf 88' lang='lat' dir='ltr'>parationem</span> <span class='ocrx_word' id='word_1_327' title='bbox 305 4388 405 4441; x_wconf 86' lang='lat' dir='ltr'>vocatis</span> <span class='ocrx_word' id='word_1_328' title='bbox 423 4387 519 4440; x_wconf 88' lang='lat' dir='ltr'>dativis</span> <span class='ocrx_word' id='word_1_329' title='bbox 538 4389 583 4455; x_wconf 91' lang='lat' dir='ltr'>qui</span> <span class='ocrx_word' id='word_1_330' title='bbox 601 4389 721 4443; x_wconf 84' lang='lat' dir='ltr'>feruntur</span> <span class='ocrx_word' id='word_1_331' title='bbox 738 4389 805 4457; x_wconf 89' lang='lat' dir='ltr'>plur.</span> <span class='ocrx_word' id='word_1_332' title='bbox 825 4388 854 4439; x_wconf 93' lang='lat' dir='ltr'>in</span> <span class='ocrx_word' id='word_1_333' title='bbox 872 4401 907 4438; x_wconf 86' lang='grc' dir='ltr'>-σι</span> <span class='ocrx_word' id='word_1_334' title='bbox 924 4386 1091 4453; x_wconf 84' lang='lat' dir='ltr'>exeuntibus,</span> <span class='ocrx_word' id='word_1_335' title='bbox 1116 4389 1212 4456; x_wconf 91' lang='lat' dir='ltr'>quibus</span> <span class='ocrx_word' id='word_1_336' title='bbox 1230 4381 1285 4438; x_wconf 87' lang='lat' dir='ltr'>non</span> 
     </span>
     <span class='ocr_line' id='line_1_36' title="bbox 121 4473 1284 4544; baseline -0.004 -14"><span class='ocrx_word' id='word_1_337' title='bbox 121 4492 258 4544; x_wconf 88' lang='lat' dir='ltr'>nunquam</span> <span class='ocrx_word' id='word_1_338' title='bbox 276 4475 447 4528; x_wconf 89' lang='lat' dir='ltr'>locativorum</span> <span class='ocrx_word' id='word_1_339' title='bbox 466 4475 518 4527; x_wconf 91' lang='lat' dir='ltr'>vim</span> <span class='ocrx_word' id='word_1_340' title='bbox 537 4476 645 4528; x_wconf 89' lang='lat' dir='ltr'>subesse</span> <span class='ocrx_word' id='word_1_341' title='bbox 663 4479 703 4527; x_wconf 90' lang='lat' dir='ltr'>est</span> <span class='ocrx_word' id='word_1_342' title='bbox 715 4477 928 4527; x_wconf 89' lang='lat' dir='ltr'>consentaneum.</span> <span class='ocrx_word' id='word_1_343' title='bbox 965 4473 1048 4537; x_wconf 79' lang='lat' dir='ltr'>Quam</span> <span class='ocrx_word' id='word_1_344' title='bbox 1061 4475 1166 4542; x_wconf 90' lang='lat' dir='ltr'>quidem</span> <span class='ocrx_word' id='word_1_345' title='bbox 1182 4473 1284 4540; x_wconf 91' lang='lat' dir='ltr'>opinio·</span> 
     </span>
     <span class='ocr_line' id='line_1_37' title="bbox 121 4561 661 4632; baseline -0.011 -15"><span class='ocrx_word' id='word_1_346' title='bbox 121 4581 184 4617; x_wconf 88' lang='lat' dir='ltr'>nem</span> <span class='ocrx_word' id='word_1_347' title='bbox 202 4578 250 4632; x_wconf 91' lang='lat' dir='ltr'>ego</span> <span class='ocrx_word' id='word_1_348' title='bbox 269 4577 324 4614; x_wconf 92' lang='lat' dir='ltr'>non</span> <span class='ocrx_word' id='word_1_349' title='bbox 341 4561 539 4629; x_wconf 83' lang='lat' dir='ltr'>improbandam</span> <span class='ocrx_word' id='word_1_350' title='bbox 559 4577 661 4614; x_wconf 87' lang='lat' dir='ltr'>censeo.</span> 
     </span>
    </p>
   </div>
   <div class='ocr_carea' id='block_1_9' title="bbox 0 0 1620 5262">
    <p class='ocr_par' dir='ltr' id='par_1_9' title="bbox 0 0 1620 5262">
     <span class='ocr_line' id='line_1_38' title="bbox 0 0 1620 5262; baseline 0 4"><span class='ocrx_word' id='word_1_351' title='bbox 0 0 1620 5262; x_wconf 95' lang='lat' dir='ltr'> </span> 
     </span>
    </p>
   </div>
  </div>
 </body>
</html>
