<?xml version="1.0" encoding="UTF-8"?>
<!DOCTYPE html PUBLIC "-//W3C//DTD XHTML 1.0 Transitional//EN"
    "http://www.w3.org/TR/xhtml1/DTD/xhtml1-transitional.dtd">
<html xmlns="http://www.w3.org/1999/xhtml" xml:lang="en" lang="en">
 <head>
  <title>
</title>
<meta http-equiv="Content-Type" content="text/html;charset=utf-8" />
  <meta name='ocr-system' content='tesseract 3.04.00' />
  <meta name='ocr-capabilities' content='ocr_page ocr_carea ocr_par ocr_line ocrx_word'/>
</head>
<body>
  <div class='ocr_page' id='page_1' title='image "./syllogeinscript00larfgoog_0031.png"; bbox 0 0 3232 5262; ppageno 0'>
   <div class='ocr_carea' id='block_1_1' title="bbox 883 391 934 444">
    <p class='ocr_par' dir='ltr' id='par_1_1' title="bbox 883 391 934 444">
     <span class='ocr_line' id='line_1_1' title="bbox 883 391 934 444; baseline 0 0"><span class='ocrx_word' id='word_1_1' title='bbox 883 391 934 444; x_wconf 74' lang='grc' dir='ltr'>ΧΠ</span> 
     </span>
    </p>
   </div>
   <div class='ocr_carea' id='block_1_2' title="bbox 281 546 1595 2167">
    <p class='ocr_par' dir='ltr' id='par_1_2' title="bbox 331 546 1495 942">
     <span class='ocr_line' id='line_1_2' title="bbox 332 546 1494 632; baseline -0.002 -20"><span class='ocrx_word' id='word_1_2' title='bbox 332 549 506 628; x_wconf 87' lang='lat' dir='ltr'>titulorum,</span> <span class='ocrx_word' id='word_1_3' title='bbox 533 569 610 632; x_wconf 87' lang='lat' dir='ltr'>quos</span> <span class='ocrx_word' id='word_1_4' title='bbox 631 547 723 611; x_wconf 84' lang='lat' dir='ltr'>certis</span> <span class='ocrx_word' id='word_1_5' title='bbox 745 547 834 610; x_wconf 87' lang='lat' dir='ltr'>annis</span> <span class='ocrx_word' id='word_1_6' title='bbox 861 546 1034 610; x_wconf 77' lang='lat' dir='ltr'><strong>adscribere</strong></span> <span class='ocrx_word' id='word_1_7' title='bbox 1062 547 1149 624; x_wconf 90' lang='lat' dir='ltr'>licet,</span> <span class='ocrx_word' id='word_1_8' title='bbox 1180 567 1319 610; x_wconf 90' lang='lat' dir='ltr'>sermone</span> <span class='ocrx_word' id='word_1_9' title='bbox 1346 555 1494 611; x_wconf 88' lang='lat' dir='ltr'>accurate</span> 
     </span>
     <span class='ocr_line' id='line_1_3' title="bbox 331 649 1494 736; baseline -0.001 -22"><span class='ocrx_word' id='word_1_10' title='bbox 331 651 487 736; x_wconf 79' lang='lat' dir='ltr'>explorato</span> <span class='ocrx_word' id='word_1_11' title='bbox 518 658 550 714; x_wconf 90' lang='lat' dir='ltr'>et</span> <span class='ocrx_word' id='word_1_12' title='bbox 580 673 650 718; x_wconf 90' lang='lat' dir='ltr'>cum</span> <span class='ocrx_word' id='word_1_13' title='bbox 681 663 851 716; x_wconf 83' lang='lat' dir='ltr'>ceterorum</span> <span class='ocrx_word' id='word_1_14' title='bbox 883 658 1060 735; x_wconf 85' lang='lat' dir='ltr'>comparato</span> <span class='ocrx_word' id='word_1_15' title='bbox 1087 649 1153 712; x_wconf 85' lang='lat' dir='ltr'>lieri</span> <span class='ocrx_word' id='word_1_16' title='bbox 1178 669 1239 712; x_wconf 92' lang='lat' dir='ltr'>non</span> <span class='ocrx_word' id='word_1_17' title='bbox 1266 655 1383 733; x_wconf 84' lang='lat' dir='ltr'>potest,</span> <span class='ocrx_word' id='word_1_18' title='bbox 1417 651 1494 734; x_wconf 92' lang='lat' dir='ltr'>quin</span> 
     </span>
     <span class='ocr_line' id='line_1_4' title="bbox 331 751 1495 842; baseline 0 -26"><span class='ocrx_word' id='word_1_19' title='bbox 331 753 443 836; x_wconf 87' lang='lat' dir='ltr'>quibus</span> <span class='ocrx_word' id='word_1_20' title='bbox 468 755 603 821; x_wconf 83' lang='lat' dir='ltr'>maxime</span> <span class='ocrx_word' id='word_1_21' title='bbox 626 765 801 842; x_wconf 86' lang='lat' dir='ltr'>temporum</span> <span class='ocrx_word' id='word_1_22' title='bbox 824 753 935 838; x_wconf 89' lang='lat' dir='ltr'>spatiis</span> <span class='ocrx_word' id='word_1_23' title='bbox 957 752 1167 836; x_wconf 89' lang='lat' dir='ltr'>unusquisque</span> <span class='ocrx_word' id='word_1_24' title='bbox 1187 751 1297 814; x_wconf 87' lang='lat' dir='ltr'>titulus</span> <span class='ocrx_word' id='word_1_25' title='bbox 1319 751 1362 814; x_wconf 91' lang='lat' dir='ltr'>sit</span> <span class='ocrx_word' id='word_1_26' title='bbox 1384 773 1495 816; x_wconf 84' lang='lat' dir='ltr'>exara-</span> 
     </span>
     <span class='ocr_line' id='line_1_5' title="bbox 331 855 881 942; baseline 0 -24"><span class='ocrx_word' id='word_1_27' title='bbox 331 865 389 936; x_wconf 85' lang='lat' dir='ltr'>tus,</span> <span class='ocrx_word' id='word_1_28' title='bbox 413 875 467 942; x_wconf 91' lang='lat' dir='ltr'>pro</span> <span class='ocrx_word' id='word_1_29' title='bbox 490 865 572 922; x_wconf 87' lang='lat' dir='ltr'>certo</span> <span class='ocrx_word' id='word_1_30' title='bbox 594 858 756 922; x_wconf 87' lang='lat' dir='ltr'>adfirmare</span> <span class='ocrx_word' id='word_1_31' title='bbox 778 855 881 920; x_wconf 84' lang='lat' dir='ltr'>liceat.</span> 
     </span>
    </p>

    <p class='ocr_par' dir='ltr' id='par_1_3' title="bbox 281 955 1595 2167">
     <span class='ocr_line' id='line_1_6' title="bbox 415 955 1494 1046; baseline -0.001 -24"><span class='ocrx_word' id='word_1_32' title='bbox 415 958 478 1022; x_wconf 87' lang='lat' dir='ltr'>Sed</span> <span class='ocrx_word' id='word_1_33' title='bbox 501 960 680 1046; x_wconf 83' lang='lat' dir='ltr'>prinsquam</span> <span class='ocrx_word' id='word_1_34' title='bbox 702 959 743 1024; x_wconf 91' lang='lat' dir='ltr'>ad</span> <span class='ocrx_word' id='word_1_35' title='bbox 765 956 886 1040; x_wconf 87' lang='lat' dir='ltr'>singula</span> <span class='ocrx_word' id='word_1_36' title='bbox 905 955 1099 1035; x_wconf 74' lang='lat' dir='ltr'><strong>accedamus,</strong></span> <span class='ocrx_word' id='word_1_37' title='bbox 1122 977 1248 1020; x_wconf 87' lang='lat' dir='ltr'>necesse</span> <span class='ocrx_word' id='word_1_38' title='bbox 1271 963 1319 1020; x_wconf 89' lang='lat' dir='ltr'>est</span> <span class='ocrx_word' id='word_1_39' title='bbox 1339 976 1396 1021; x_wconf 91' lang='lat' dir='ltr'>nos</span> <span class='ocrx_word' id='word_1_40' title='bbox 1420 965 1494 1022; x_wconf 84' lang='lat' dir='ltr'>ante</span> 
     </span>
     <span class='ocr_line' id='line_1_7' title="bbox 331 1058 1495 1144; baseline 0 -20"><span class='ocrx_word' id='word_1_41' title='bbox 331 1061 457 1126; x_wconf 88' lang='lat' dir='ltr'>reddere</span> <span class='ocrx_word' id='word_1_42' title='bbox 489 1063 653 1143; x_wconf 87' lang='lat' dir='ltr'>rationem,</span> <span class='ocrx_word' id='word_1_43' title='bbox 685 1083 759 1126; x_wconf 90' lang='lat' dir='ltr'>num</span> <span class='ocrx_word' id='word_1_44' title='bbox 792 1067 875 1124; x_wconf 87' lang='lat' dir='ltr'>recte</span> <span class='ocrx_word' id='word_1_45' title='bbox 902 1058 1027 1122; x_wconf 75' lang='lat' dir='ltr'>dialecti</span> <span class='ocrx_word' id='word_1_46' title='bbox 1059 1059 1261 1139; x_wconf 83' lang='lat' dir='ltr'>mutationes,</span> <span class='ocrx_word' id='word_1_47' title='bbox 1292 1080 1372 1144; x_wconf 87' lang='lat' dir='ltr'>qnae</span> <span class='ocrx_word' id='word_1_48' title='bbox 1399 1062 1495 1124; x_wconf 91' lang='lat' dir='ltr'>certis</span> 
     </span>
     <span class='ocr_line' id='line_1_8' title="bbox 330 1161 1494 1246; baseline 0 -20"><span class='ocrx_word' id='word_1_49' title='bbox 330 1163 418 1227; x_wconf 91' lang='lat' dir='ltr'>annis</span> <span class='ocrx_word' id='word_1_50' title='bbox 440 1163 473 1227; x_wconf 94' lang='lat' dir='ltr'>in</span> <span class='ocrx_word' id='word_1_51' title='bbox 496 1164 553 1228; x_wconf 88' lang='lat' dir='ltr'>hac</span> <span class='ocrx_word' id='word_1_52' title='bbox 575 1165 668 1228; x_wconf 81' lang='lat' dir='ltr'>illave</span> <span class='ocrx_word' id='word_1_53' title='bbox 684 1164 868 1228; x_wconf 89' lang='lat' dir='ltr'>Boeotorum</span> <span class='ocrx_word' id='word_1_54' title='bbox 889 1161 964 1226; x_wconf 90' lang='lat' dir='ltr'>urbe</span> <span class='ocrx_word' id='word_1_55' title='bbox 979 1169 1145 1246; x_wconf 78' lang='lat' dir='ltr'><strong>usurpatae</strong></span> <span class='ocrx_word' id='word_1_56' title='bbox 1160 1162 1285 1242; x_wconf 86' lang='lat' dir='ltr'>fuerint,</span> <span class='ocrx_word' id='word_1_57' title='bbox 1308 1161 1349 1225; x_wconf 88' lang='lat' dir='ltr'>ad</span> <span class='ocrx_word' id='word_1_58' title='bbox 1372 1169 1494 1226; x_wconf 88' lang='lat' dir='ltr'>ceteras</span> 
     </span>
     <span class='ocr_line' id='line_1_9' title="bbox 331 1262 1494 1350; baseline 0.001 -21"><span class='ocrx_word' id='word_1_59' title='bbox 331 1268 559 1330; x_wconf 80' lang='lat' dir='ltr'>transferamus.</span> <span class='ocrx_word' id='word_1_60' title='bbox 584 1303 625 1314; x_wconf 85' lang='lat'>-</span> <span class='ocrx_word' id='word_1_61' title='bbox 654 1269 757 1350; x_wconf 83' lang='lat' dir='ltr'>Atque</span> <span class='ocrx_word' id='word_1_62' title='bbox 785 1265 823 1328; x_wconf 92' lang='lat' dir='ltr'>de</span> <span class='ocrx_word' id='word_1_63' title='bbox 854 1263 958 1328; x_wconf 81' lang='lat' dir='ltr'>formis</span> <span class='ocrx_word' id='word_1_64' title='bbox 986 1263 1166 1346; x_wconf 77' lang='lat' dir='ltr'>vulgaribus</span> <span class='ocrx_word' id='word_1_65' title='bbox 1194 1262 1359 1328; x_wconf 80' lang='lat' dir='ltr'>delabente</span> <span class='ocrx_word' id='word_1_66' title='bbox 1389 1272 1494 1330; x_wconf 88' lang='lat' dir='ltr'>aetate</span> 
     </span>
     <span class='ocr_line' id='line_1_10' title="bbox 331 1365 1494 1454; baseline 0 -24"><span class='ocrx_word' id='word_1_67' title='bbox 331 1367 364 1430; x_wconf 89' lang='lat' dir='ltr'>in</span> <span class='ocrx_word' id='word_1_68' title='bbox 386 1367 554 1433; x_wconf 81' lang='lat' dir='ltr'>dialectum</span> <span class='ocrx_word' id='word_1_69' title='bbox 581 1368 794 1454; x_wconf 86' lang='lat' dir='ltr'>inrepentibus</span> <span class='ocrx_word' id='word_1_70' title='bbox 816 1373 865 1430; x_wconf 87' lang='lat' dir='ltr'>sat</span> <span class='ocrx_word' id='word_1_71' title='bbox 887 1371 934 1428; x_wconf 88' lang='lat' dir='ltr'>est</span> <span class='ocrx_word' id='word_1_72' title='bbox 956 1365 1129 1450; x_wconf 83' lang='lat' dir='ltr'>probabile,</span> <span class='ocrx_word' id='word_1_73' title='bbox 1156 1386 1217 1430; x_wconf 90' lang='lat' dir='ltr'>non</span> <span class='ocrx_word' id='word_1_74' title='bbox 1239 1367 1336 1430; x_wconf 78' lang='lat' dir='ltr'>finisse</span> <span class='ocrx_word' id='word_1_75' title='bbox 1359 1367 1494 1430; x_wconf 89' lang='lat' dir='ltr'>eandem</span> 
     </span>
     <span class='ocr_line' id='line_1_11' title="bbox 331 1467 1494 1554; baseline 0.001 -22"><span class='ocrx_word' id='word_1_76' title='bbox 331 1470 480 1534; x_wconf 90' lang='lat' dir='ltr'>sermonis</span> <span class='ocrx_word' id='word_1_77' title='bbox 507 1471 717 1536; x_wconf 89' lang='lat' dir='ltr'>condicionem</span> <span class='ocrx_word' id='word_1_78' title='bbox 745 1470 785 1534; x_wconf 94' lang='lat' dir='ltr'>ab</span> <span class='ocrx_word' id='word_1_79' title='bbox 807 1467 1048 1550; x_wconf 85' lang='lat' dir='ltr'>uniuscuiusque</span> <span class='ocrx_word' id='word_1_80' title='bbox 1075 1467 1182 1553; x_wconf 87' lang='lat' dir='ltr'>oppidi</span> <span class='ocrx_word' id='word_1_81' title='bbox 1207 1468 1317 1532; x_wconf 90' lang='lat' dir='ltr'>incolis</span> <span class='ocrx_word' id='word_1_82' title='bbox 1338 1470 1494 1554; x_wconf 89' lang='lat' dir='ltr'>usurpati,</span> 
     </span>
     <span class='ocr_line' id='line_1_12' title="bbox 281 1569 1493 1658; baseline 0 -23"><span class='ocrx_word' id='word_1_83' title='bbox 281 1599 286 1608; x_wconf 66' lang='lat'>¹</span> <span class='ocrx_word' id='word_1_84' title='bbox 330 1593 400 1636; x_wconf 91' lang='lat' dir='ltr'>cnm</span> <span class='ocrx_word' id='word_1_85' title='bbox 422 1594 471 1636; x_wconf 89' lang='lat' dir='ltr'>res</span> <span class='ocrx_word' id='word_1_86' title='bbox 493 1573 561 1658; x_wconf 90' lang='lat' dir='ltr'>ipsa</span> <span class='ocrx_word' id='word_1_87' title='bbox 583 1575 670 1653; x_wconf 86' lang='lat' dir='ltr'>serat,</span> <span class='ocrx_word' id='word_1_88' title='bbox 694 1579 729 1636; x_wconf 88' lang='lat' dir='ltr'>ut</span> <span class='ocrx_word' id='word_1_89' title='bbox 751 1573 783 1636; x_wconf 91' lang='lat' dir='ltr'>in</span> <span class='ocrx_word' id='word_1_90' title='bbox 804 1571 945 1654; x_wconf 85' lang='lat' dir='ltr'>regiones</span> <span class='ocrx_word' id='word_1_91' title='bbox 968 1569 1111 1653; x_wconf 90' lang='lat' dir='ltr'>gentibus</span> <span class='ocrx_word' id='word_1_92' title='bbox 1126 1569 1180 1634; x_wconf 90' lang='lat' dir='ltr'>alii</span> <span class='ocrx_word' id='word_1_93' title='bbox 1203 1570 1329 1635; x_wconf 83' lang='lat' dir='ltr'>dialecti</span> <span class='ocrx_word' id='word_1_94' title='bbox 1351 1570 1493 1635; x_wconf 87' lang='lat' dir='ltr'>adsuetis</span> 
     </span>
     <span class='ocr_line' id='line_1_13' title="bbox 331 1659 1595 1758; baseline 0.001 -22"><span class='ocrx_word' id='word_1_95' title='bbox 331 1674 478 1738; x_wconf 85' lang='lat' dir='ltr'>finitimas</span> <span class='ocrx_word' id='word_1_96' title='bbox 501 1676 652 1740; x_wconf 90' lang='lat' dir='ltr'>maturius</span> <span class='ocrx_word' id='word_1_97' title='bbox 674 1677 790 1740; x_wconf 89' lang='lat' dir='ltr'>formae</span> <span class='ocrx_word' id='word_1_98' title='bbox 812 1674 875 1738; x_wconf 92' lang='lat' dir='ltr'>illis</span> <span class='ocrx_word' id='word_1_99' title='bbox 898 1671 1061 1736; x_wconf 89' lang='lat' dir='ltr'>adamatae</span> <span class='ocrx_word' id='word_1_100' title='bbox 1084 1679 1299 1758; x_wconf 85' lang='lat' dir='ltr'>propagentur.</span> <span class='ocrx_word' id='word_1_101' title='bbox 1333 1672 1418 1736; x_wconf 92' lang='lat' dir='ltr'>Illud</span> <span class='ocrx_word' id='word_1_102' title='bbox 1442 1693 1495 1758; x_wconf 90' lang='lat' dir='ltr'>po·</span> <span class='ocrx_word' id='word_1_103' title='bbox 1592 1659 1595 1688; x_wconf 68' lang='lat'><em>⁴</em></span> 
     </span>
     <span class='ocr_line' id='line_1_14' title="bbox 331 1775 1495 1860; baseline 0 -20"><span class='ocrx_word' id='word_1_104' title='bbox 331 1776 391 1840; x_wconf 90' lang='lat' dir='ltr'>tius</span> <span class='ocrx_word' id='word_1_105' title='bbox 425 1777 594 1860; x_wconf 89' lang='lat' dir='ltr'>quaeritur,</span> <span class='ocrx_word' id='word_1_106' title='bbox 625 1799 701 1842; x_wconf 92' lang='lat' dir='ltr'>num</span> <span class='ocrx_word' id='word_1_107' title='bbox 730 1777 804 1840; x_wconf 92' lang='lat' dir='ltr'>illae</span> <span class='ocrx_word' id='word_1_108' title='bbox 836 1775 1040 1854; x_wconf 83' lang='lat' dir='ltr'>mutationes,</span> <span class='ocrx_word' id='word_1_109' title='bbox 1075 1796 1154 1859; x_wconf 89' lang='lat' dir='ltr'>qnae</span> <span class='ocrx_word' id='word_1_110' title='bbox 1182 1775 1325 1841; x_wconf 91' lang='lat' dir='ltr'>Boeotidi</span> <span class='ocrx_word' id='word_1_111' title='bbox 1354 1777 1495 1840; x_wconf 80' lang='lat' dir='ltr'>maxime</span> 
     </span>
     <span class='ocr_line' id='line_1_15' title="bbox 330 1877 1494 1964; baseline 0.001 -23"><span class='ocrx_word' id='word_1_112' title='bbox 330 1885 402 1942; x_wconf 88' lang='lat' dir='ltr'>sunt</span> <span class='ocrx_word' id='word_1_113' title='bbox 412 1879 562 1964; x_wconf 90' lang='lat' dir='ltr'>propriae,</span> <span class='ocrx_word' id='word_1_114' title='bbox 579 1878 619 1942; x_wconf 93' lang='lat' dir='ltr'>ab</span> <span class='ocrx_word' id='word_1_115' title='bbox 631 1880 783 1943; x_wconf 85' lang='lat' dir='ltr'>universis</span> <span class='ocrx_word' id='word_1_116' title='bbox 795 1877 918 1943; x_wconf 88' lang='lat' dir='ltr'>Boeotis</span> <span class='ocrx_word' id='word_1_117' title='bbox 937 1877 1046 1941; x_wconf 90' lang='lat' dir='ltr'>eodem</span> <span class='ocrx_word' id='word_1_118' title='bbox 1061 1885 1199 1964; x_wconf 89' lang='lat' dir='ltr'>tempore</span> <span class='ocrx_word' id='word_1_119' title='bbox 1214 1878 1351 1942; x_wconf 85' lang='lat' dir='ltr'>adscitae</span> <span class='ocrx_word' id='word_1_120' title='bbox 1367 1879 1494 1959; x_wconf 84' lang='lat' dir='ltr'>fuerint,</span> 
     </span>
     <span class='ocr_line' id='line_1_16' title="bbox 331 1980 1495 2068; baseline 0 -24"><span class='ocrx_word' id='word_1_121' title='bbox 331 1989 365 2045; x_wconf 91' lang='lat' dir='ltr'>ut</span> <span class='ocrx_word' id='word_1_122' title='bbox 387 1982 600 2068; x_wconf 89' lang='lat' dir='ltr'>inscriptiones</span> <span class='ocrx_word' id='word_1_123' title='bbox 622 2001 728 2045; x_wconf 92' lang='lat' dir='ltr'>omnes</span> <span class='ocrx_word' id='word_1_124' title='bbox 751 1980 882 2045; x_wconf 90' lang='lat' dir='ltr'>eandem</span> <span class='ocrx_word' id='word_1_125' title='bbox 904 1981 1053 2044; x_wconf 90' lang='lat' dir='ltr'>sermonis</span> <span class='ocrx_word' id='word_1_126' title='bbox 1076 1980 1286 2045; x_wconf 91' lang='lat' dir='ltr'>condicionem</span> <span class='ocrx_word' id='word_1_127' title='bbox 1309 1980 1495 2044; x_wconf 85' lang='lat' dir='ltr'>exhibentes</span> 
     </span>
     <span class='ocr_line' id='line_1_17' title="bbox 330 2082 1495 2167; baseline 0.002 -22"><span class='ocrx_word' id='word_1_128' title='bbox 330 2083 432 2146; x_wconf 90' lang='lat' dir='ltr'>eidem</span> <span class='ocrx_word' id='word_1_129' title='bbox 454 2084 550 2148; x_wconf 87' lang='lat' dir='ltr'>aetati</span> <span class='ocrx_word' id='word_1_130' title='bbox 565 2083 738 2148; x_wconf 85' lang='lat' dir='ltr'>adscribere</span> <span class='ocrx_word' id='word_1_131' title='bbox 753 2084 856 2148; x_wconf 91' lang='lat' dir='ltr'>liceat.</span> <span class='ocrx_word' id='word_1_132' title='bbox 878 2120 920 2130; x_wconf 92' lang='lat'>—</span> <span class='ocrx_word' id='word_1_133' title='bbox 943 2083 1026 2159; x_wconf 85' lang='lat' dir='ltr'>Quae</span> <span class='ocrx_word' id='word_1_134' title='bbox 1048 2104 1097 2146; x_wconf 91' lang='lat' dir='ltr'>res</span> <span class='ocrx_word' id='word_1_135' title='bbox 1119 2082 1195 2167; x_wconf 90' lang='lat' dir='ltr'>ipsis</span> <span class='ocrx_word' id='word_1_136' title='bbox 1217 2082 1319 2147; x_wconf 92' lang='lat' dir='ltr'>titulis</span> <span class='ocrx_word' id='word_1_137' title='bbox 1335 2082 1495 2167; x_wconf 88' lang='lat' dir='ltr'>probatur.</span> 
     </span>
    </p>
   </div>
   <div class='ocr_carea' id='block_1_3' title="bbox 231 2175 1495 2270">
    <p class='ocr_par' dir='ltr' id='par_1_4' title="bbox 231 2175 1495 2270">
     <span class='ocr_line' id='line_1_18' title="bbox 231 2175 1495 2270; baseline 0.001 -21"><span class='ocrx_word' id='word_1_138' title='bbox 231 2175 233 2177; x_wconf 46' lang='grc'><strong><em>’</em></strong></span> <span class='ocrx_word' id='word_1_139' title='bbox 330 2186 471 2270; x_wconf 84' lang='lat' dir='ltr'>Namque</span> <span class='ocrx_word' id='word_1_140' title='bbox 495 2186 522 2249; x_wconf 91' lang='lat' dir='ltr'>si</span> <span class='ocrx_word' id='word_1_141' title='bbox 544 2186 680 2250; x_wconf 86' lang='lat' dir='ltr'>conferas</span> <span class='ocrx_word' id='word_1_142' title='bbox 702 2187 751 2250; x_wconf 88' lang='lat' dir='ltr'>tit.</span> <span class='ocrx_word' id='word_1_143' title='bbox 774 2186 837 2250; x_wconf 83' lang='lat'>309</span> <span class='ocrx_word' id='word_1_144' title='bbox 860 2185 959 2249; x_wconf 87' lang='lat' dir='ltr'>Theb.</span> <span class='ocrx_word' id='word_1_145' title='bbox 983 2205 1028 2249; x_wconf 90' lang='lat' dir='ltr'>ca.</span> <span class='ocrx_word' id='word_1_146' title='bbox 1052 2207 1080 2249; x_wconf 91' lang='lat' dir='ltr'>a.</span> <span class='ocrx_word' id='word_1_147' title='bbox 1103 2186 1168 2250; x_wconf 76' lang='lat'>350</span> <span class='ocrx_word' id='word_1_148' title='bbox 1189 2206 1217 2249; x_wconf 84' lang='lat' dir='ltr'>a</span> <span class='ocrx_word' id='word_1_149' title='bbox 1236 2185 1306 2249; x_wconf 86' lang='lat' dir='ltr'>Chr.</span> <span class='ocrx_word' id='word_1_150' title='bbox 1330 2191 1495 2250; x_wconf 86' lang='lat' dir='ltr'>exaratum</span> 
     </span>
    </p>
   </div>
   <div class='ocr_carea' id='block_1_4' title="bbox 329 2287 1496 2884">
    <p class='ocr_par' dir='ltr' id='par_1_5' title="bbox 329 2287 1496 2884">
     <span class='ocr_line' id='line_1_19' title="bbox 331 2287 1496 2373; baseline 0.002 -23"><span class='ocrx_word' id='word_1_151' title='bbox 331 2309 402 2351; x_wconf 92' lang='lat' dir='ltr'>cnm</span> <span class='ocrx_word' id='word_1_152' title='bbox 424 2288 472 2351; x_wconf 92' lang='lat' dir='ltr'>tit.</span> <span class='ocrx_word' id='word_1_153' title='bbox 490 2289 530 2352; x_wconf 91' lang='lat'>11</span> <span class='ocrx_word' id='word_1_154' title='bbox 556 2288 646 2352; x_wconf 91' lang='lat' dir='ltr'>Orch.</span> <span class='ocrx_word' id='word_1_155' title='bbox 669 2289 742 2352; x_wconf 90' lang='lat' dir='ltr'>anni</span> <span class='ocrx_word' id='word_1_156' title='bbox 764 2290 828 2353; x_wconf 85' lang='lat'>330</span> <span class='ocrx_word' id='word_1_157' title='bbox 849 2310 878 2352; x_wconf 91' lang='lat' dir='ltr'>a.</span> <span class='ocrx_word' id='word_1_158' title='bbox 901 2287 971 2352; x_wconf 88' lang='lat' dir='ltr'>Chr.</span> <span class='ocrx_word' id='word_1_159' title='bbox 994 2309 1035 2369; x_wconf 90' lang='lat' dir='ltr'>n.,</span> <span class='ocrx_word' id='word_1_160' title='bbox 1063 2287 1190 2352; x_wconf 90' lang='lat' dir='ltr'>eaedem</span> <span class='ocrx_word' id='word_1_161' title='bbox 1212 2287 1304 2373; x_wconf 90' lang='lat' dir='ltr'>plane</span> <span class='ocrx_word' id='word_1_162' title='bbox 1330 2296 1496 2353; x_wconf 89' lang='lat' dir='ltr'>occurrunt</span> 
     </span>
     <span class='ocr_line' id='line_1_20' title="bbox 331 2389 1494 2474; baseline 0.003 -21"><span class='ocrx_word' id='word_1_163' title='bbox 331 2410 473 2454; x_wconf 88' lang='lat' dir='ltr'>sonomm</span> <span class='ocrx_word' id='word_1_164' title='bbox 498 2391 685 2454; x_wconf 88' lang='lat' dir='ltr'>mutationes</span> <span class='ocrx_word' id='word_1_165' title='bbox 706 2391 793 2474; x_wconf 89' lang='lat' dir='ltr'>(vide</span> <span class='ocrx_word' id='word_1_166' title='bbox 809 2391 898 2474; x_wconf 83' lang='lat' dir='ltr'>tab).</span> <span class='ocrx_word' id='word_1_167' title='bbox 935 2390 1052 2454; x_wconf 88' lang='lat' dir='ltr'>Eadem</span> <span class='ocrx_word' id='word_1_168' title='bbox 1075 2389 1247 2454; x_wconf 91' lang='lat' dir='ltr'>similitudo</span> <span class='ocrx_word' id='word_1_169' title='bbox 1269 2390 1401 2473; x_wconf 83' lang='lat' dir='ltr'>emergit</span> <span class='ocrx_word' id='word_1_170' title='bbox 1423 2412 1494 2456; x_wconf 91' lang='lat' dir='ltr'>con-</span> 
     </span>
     <span class='ocr_line' id='line_1_21' title="bbox 329 2491 1494 2577; baseline 0.003 -22"><span class='ocrx_word' id='word_1_171' title='bbox 329 2492 392 2556; x_wconf 87' lang='lat' dir='ltr'>lato</span> <span class='ocrx_word' id='word_1_172' title='bbox 414 2493 463 2556; x_wconf 90' lang='lat' dir='ltr'>tit.</span> <span class='ocrx_word' id='word_1_173' title='bbox 481 2493 521 2558; x_wconf 84' lang='lat'>13</span> <span class='ocrx_word' id='word_1_174' title='bbox 545 2492 634 2557; x_wconf 88' lang='lat' dir='ltr'>Orch.</span> <span class='ocrx_word' id='word_1_175' title='bbox 662 2515 733 2557; x_wconf 90' lang='lat' dir='ltr'>cum</span> <span class='ocrx_word' id='word_1_176' title='bbox 757 2494 817 2558; x_wconf 82' lang='lat'>181</span> <span class='ocrx_word' id='word_1_177' title='bbox 840 2492 1007 2577; x_wconf 87' lang='lat' dir='ltr'>Acraeph,</span> <span class='ocrx_word' id='word_1_178' title='bbox 1036 2491 1089 2575; x_wconf 94' lang='lat' dir='ltr'>qui</span> <span class='ocrx_word' id='word_1_179' title='bbox 1116 2491 1255 2556; x_wconf 91' lang='lat' dir='ltr'>eiusdem</span> <span class='ocrx_word' id='word_1_180' title='bbox 1281 2491 1494 2558; x_wconf 85' lang='lat' dir='ltr'>Boeotarchae</span> 
     </span>
     <span class='ocr_line' id='line_1_22' title="bbox 330 2594 1492 2681; baseline 0.001 -23"><span class='ocrx_word' id='word_1_181' title='bbox 330 2615 409 2659; x_wconf 90' lang='lat' dir='ltr'>anno</span> <span class='ocrx_word' id='word_1_182' title='bbox 432 2596 551 2660; x_wconf 86' lang='lat' dir='ltr'>exarati</span> <span class='ocrx_word' id='word_1_183' title='bbox 574 2601 655 2676; x_wconf 86' lang='lat' dir='ltr'>sunt,</span> <span class='ocrx_word' id='word_1_184' title='bbox 679 2602 710 2660; x_wconf 90' lang='lat' dir='ltr'>et</span> <span class='ocrx_word' id='word_1_185' title='bbox 732 2596 872 2660; x_wconf 91' lang='lat' dir='ltr'>eiusdem</span> <span class='ocrx_word' id='word_1_186' title='bbox 894 2595 980 2660; x_wconf 93' lang='lat' dir='ltr'>urbis</span> <span class='ocrx_word' id='word_1_187' title='bbox 1003 2594 1110 2681; x_wconf 87' lang='lat' dir='ltr'>paucis</span> <span class='ocrx_word' id='word_1_188' title='bbox 1130 2595 1217 2658; x_wconf 88' lang='lat' dir='ltr'>annis</span> <span class='ocrx_word' id='word_1_189' title='bbox 1232 2595 1402 2658; x_wconf 86' lang='lat' dir='ltr'>recentiore</span> <span class='ocrx_word' id='word_1_190' title='bbox 1419 2596 1492 2661; x_wconf 94' lang='grc'>182.</span> 
     </span>
     <span class='ocr_line' id='line_1_23' title="bbox 330 2695 1493 2783; baseline 0.001 -21"><span class='ocrx_word' id='word_1_191' title='bbox 330 2699 436 2783; x_wconf 89' lang='lat' dir='ltr'>Neque</span> <span class='ocrx_word' id='word_1_192' title='bbox 465 2699 549 2762; x_wconf 90' lang='lat' dir='ltr'>aliud</span> <span class='ocrx_word' id='word_1_193' title='bbox 572 2698 801 2763; x_wconf 87' lang='lat' dir='ltr'>animadvertes</span> <span class='ocrx_word' id='word_1_194' title='bbox 823 2699 1009 2782; x_wconf 87' lang='lat' dir='ltr'>comparatis</span> <span class='ocrx_word' id='word_1_195' title='bbox 1032 2697 1132 2761; x_wconf 89' lang='lat' dir='ltr'>titulis</span> <span class='ocrx_word' id='word_1_196' title='bbox 1156 2697 1198 2761; x_wconf 91' lang='grc'>14</span> <span class='ocrx_word' id='word_1_197' title='bbox 1219 2695 1309 2760; x_wconf 85' lang='lat' dir='ltr'>Orch.</span> <span class='ocrx_word' id='word_1_198' title='bbox 1333 2718 1405 2760; x_wconf 91' lang='lat' dir='ltr'>cum</span> <span class='ocrx_word' id='word_1_199' title='bbox 1428 2699 1493 2763; x_wconf 86' lang='grc'>492</span> 
     </span>
     <span class='ocr_line' id='line_1_24' title="bbox 330 2798 1492 2884; baseline 0.001 -21"><span class='ocrx_word' id='word_1_200' title='bbox 330 2802 463 2883; x_wconf 85' lang='lat' dir='ltr'>Tanagr.</span> <span class='ocrx_word' id='word_1_201' title='bbox 492 2801 691 2884; x_wconf 89' lang='lat' dir='ltr'>eiusdemque</span> <span class='ocrx_word' id='word_1_202' title='bbox 719 2801 831 2864; x_wconf 87' lang='lat' dir='ltr'>aetatis</span> <span class='ocrx_word' id='word_1_203' title='bbox 853 2801 1043 2867; x_wconf 85' lang='grc'>489-491.</span> <span class='ocrx_word' id='word_1_204' title='bbox 1059 2799 1132 2864; x_wconf 88' lang='grc'><strong>493.</strong></span> <span class='ocrx_word' id='word_1_205' title='bbox 1148 2799 1230 2878; x_wconf 86' lang='grc'><strong>494;</strong></span> <span class='ocrx_word' id='word_1_206' title='bbox 1258 2804 1313 2862; x_wconf 82' lang='lat' dir='ltr'>aut</span> <span class='ocrx_word' id='word_1_207' title='bbox 1334 2800 1375 2863; x_wconf 93' lang='grc'>21</span> <span class='ocrx_word' id='word_1_208' title='bbox 1401 2798 1492 2864; x_wconf 90' lang='lat' dir='ltr'>Orch.</span> 
     </span>
    </p>
   </div>
   <div class='ocr_carea' id='block_1_5' title="bbox 330 2903 862 2987">
    <p class='ocr_par' dir='ltr' id='par_1_6' title="bbox 330 2903 862 2987">
     <span class='ocr_line' id='line_1_25' title="bbox 330 2903 862 2987; baseline 0.002 -22"><span class='ocrx_word' id='word_1_209' title='bbox 330 2923 401 2966; x_wconf 89' lang='lat' dir='ltr'>eum</span> <span class='ocrx_word' id='word_1_210' title='bbox 425 2904 486 2967; x_wconf 92' lang='grc'>162</span> <span class='ocrx_word' id='word_1_211' title='bbox 508 2903 612 2987; x_wconf 87' lang='lat' dir='ltr'>Hyett.</span> <span class='ocrx_word' id='word_1_212' title='bbox 637 2904 709 2968; x_wconf 93' lang='lat' dir='ltr'>hnic</span> <span class='ocrx_word' id='word_1_213' title='bbox 731 2904 862 2987; x_wconf 85' lang='lat' dir='ltr'>aequali.</span> 
     </span>
    </p>
   </div>
   <div class='ocr_carea' id='block_1_6' title="bbox 510 3156 1309 3244">
    <p class='ocr_par' dir='ltr' id='par_1_7' title="bbox 510 3156 1309 3244">
     <span class='ocr_line' id='line_1_26' title="bbox 510 3156 1309 3244; baseline 0.001 -23"><span class='ocrx_word' id='word_1_214' title='bbox 510 3158 536 3221; x_wconf 92' lang='lat' dir='ltr'>I.</span> <span class='ocrx_word' id='word_1_215' title='bbox 581 3158 631 3222; x_wconf 86' lang='lat' dir='ltr'>De</span> <span class='ocrx_word' id='word_1_216' title='bbox 653 3161 809 3223; x_wconf 79' lang='lat' dir='ltr'>adiecticc‘s</span> <span class='ocrx_word' id='word_1_217' title='bbox 830 3172 858 3223; x_wconf 85' lang='lat' dir='ltr'>et</span> <span class='ocrx_word' id='word_1_218' title='bbox 877 3163 1021 3244; x_wconf 78' lang='lat' dir='ltr'>perscttcts</span> <span class='ocrx_word' id='word_1_219' title='bbox 1039 3160 1264 3244; x_wconf 63' lang='lat' dir='ltr'>patronymicus</span> <span class='ocrx_word' id='word_1_220' title='bbox 1274 3156 1309 3239; x_wconf 86' lang='lat'>¹).</span> 
     </span>
    </p>
   </div>
   <div class='ocr_carea' id='block_1_7' title="bbox 331 3313 1494 3506">
    <p class='ocr_par' dir='ltr' id='par_1_8' title="bbox 331 3313 1494 3506">
     <span class='ocr_line' id='line_1_27' title="bbox 416 3313 1494 3396; baseline -0.002 -16"><span class='ocrx_word' id='word_1_221' title='bbox 416 3313 582 3380; x_wconf 85' lang='lat' dir='ltr'>Adiectiva</span> <span class='ocrx_word' id='word_1_222' title='bbox 604 3315 793 3396; x_wconf 85' lang='lat' dir='ltr'>cognationis</span> <span class='ocrx_word' id='word_1_223' title='bbox 813 3313 981 3396; x_wconf 87' lang='lat' dir='ltr'>aBoeotis,</span> <span class='ocrx_word' id='word_1_224' title='bbox 1006 3315 1176 3394; x_wconf 86' lang='lat' dir='ltr'>Thessalis,</span> <span class='ocrx_word' id='word_1_225' title='bbox 1199 3313 1349 3379; x_wconf 88' lang='lat' dir='ltr'>Aeolibus</span> <span class='ocrx_word' id='word_1_226' title='bbox 1364 3315 1494 3380; x_wconf 88' lang='lat' dir='ltr'>Asianis</span> 
     </span>
     <span class='ocr_line' id='line_1_28' title="bbox 331 3416 1493 3506; baseline 0 -24"><span class='ocrx_word' id='word_1_227' title='bbox 331 3441 386 3506; x_wconf 92' lang='lat' dir='ltr'>per</span> <span class='ocrx_word' id='word_1_228' title='bbox 407 3416 622 3500; x_wconf 90' lang='lat' dir='ltr'>longissimum</span> <span class='ocrx_word' id='word_1_229' title='bbox 644 3417 792 3501; x_wconf 90' lang='lat' dir='ltr'>temporis</span> <span class='ocrx_word' id='word_1_230' title='bbox 815 3419 951 3502; x_wconf 87' lang='lat' dir='ltr'>spatium</span> <span class='ocrx_word' id='word_1_231' title='bbox 975 3439 1042 3482; x_wconf 92' lang='lat' dir='ltr'>esso</span> <span class='ocrx_word' id='word_1_232' title='bbox 1057 3423 1181 3481; x_wconf 89' lang='lat' dir='ltr'>servata</span> <span class='ocrx_word' id='word_1_233' title='bbox 1195 3416 1358 3483; x_wconf 84' lang='lat' dir='ltr'>titulorum</span> <span class='ocrx_word' id='word_1_234' title='bbox 1372 3419 1493 3484; x_wconf 90' lang='lat' dir='ltr'>ratione</span> 
     </span>
    </p>
   </div>
   <div class='ocr_carea' id='block_1_8' title="bbox 352 3542 531 3552">
    <p class='ocr_par' dir='ltr' id='par_1_9' title="bbox 352 3542 531 3552">
     <span class='ocr_line' id='line_1_29' title="bbox 352 3542 531 3552; baseline 0 -5"><span class='ocrx_word' id='word_1_235' title='bbox 352 3542 531 3552; x_wconf 65' lang='lat'><strong>--..,.</strong></span> 
     </span>
    </p>
   </div>
   <div class='ocr_carea' id='block_1_9' title="bbox 402 3587 1494 3658">
    <p class='ocr_par' dir='ltr' id='par_1_10' title="bbox 402 3587 1494 3658">
     <span class='ocr_line' id='line_1_30' title="bbox 402 3587 1494 3658; baseline -0.002 -16"><span class='ocrx_word' id='word_1_236' title='bbox 402 3589 582 3658; x_wconf 80' lang='lat' dir='ltr'>1)Berglium</span> <span class='ocrx_word' id='word_1_237' title='bbox 606 3592 709 3640; x_wconf 89' lang='lat' dir='ltr'>secutus</span> <span class='ocrx_word' id='word_1_238' title='bbox 735 3589 844 3653; x_wconf 76' lang='lat' dir='ltr'>„Beitrn</span> <span class='ocrx_word' id='word_1_239' title='bbox 868 3606 914 3641; x_wconf 89' lang='lat' dir='ltr'>zur</span> <span class='ocrx_word' id='word_1_240' title='bbox 936 3590 1033 3657; x_wconf 92' lang='lat' dir='ltr'>griech.</span> <span class='ocrx_word' id='word_1_241' title='bbox 1051 3589 1268 3642; x_wconf 83' lang='lat' dir='ltr'>Monatslrunde“.</span> <span class='ocrx_word' id='word_1_242' title='bbox 1310 3587 1396 3641; x_wconf 88' lang='lat' dir='ltr'>Giess.</span> <span class='ocrx_word' id='word_1_243' title='bbox 1417 3589 1494 3642; x_wconf 82' lang='grc'>1846.</span> 
     </span>
    </p>
   </div>
   <div class='ocr_carea' id='block_1_10' title="bbox 329 3675 1597 3928">
    <p class='ocr_par' dir='ltr' id='par_1_11' title="bbox 329 3675 1597 3928">
     <span class='ocr_line' id='line_1_31' title="bbox 330 3675 1597 3749; baseline -0.002 -19"><span class='ocrx_word' id='word_1_244' title='bbox 330 3697 355 3749; x_wconf 90' lang='lat' dir='ltr'>p.</span> <span class='ocrx_word' id='word_1_245' title='bbox 377 3678 408 3730; x_wconf 89' lang='grc'>16</span> <span class='ocrx_word' id='word_1_246' title='bbox 435 3683 461 3730; x_wconf 91' lang='lat' dir='ltr'>et</span> <span class='ocrx_word' id='word_1_247' title='bbox 482 3676 636 3744; x_wconf 88' lang='lat' dir='ltr'>Ussingium</span> <span class='ocrx_word' id='word_1_248' title='bbox 661 3677 863 3743; x_wconf 82' lang='lat' dir='ltr'>„Inscriptiones</span> <span class='ocrx_word' id='word_1_249' title='bbox 887 3677 1000 3729; x_wconf 87' lang='lat' dir='ltr'>Graecae</span> <span class='ocrx_word' id='word_1_250' title='bbox 1025 3675 1165 3729; x_wconf 80' lang='lat' dir='ltr'>ineditae“.</span> <span class='ocrx_word' id='word_1_251' title='bbox 1212 3675 1332 3728; x_wconf 84' lang='lat' dir='ltr'>Herniae</span> <span class='ocrx_word' id='word_1_252' title='bbox 1358 3675 1434 3727; x_wconf 81' lang='grc'>1847.</span> <span class='ocrx_word' id='word_1_253' title='bbox 1462 3677 1494 3728; x_wconf 90' lang='lat' dir='ltr'>ad</span> <span class='ocrx_word' id='word_1_254' title='bbox 1596 3675 1597 3744; x_wconf 80' lang='lat' dir='ltr'>l</span> 
     </span>
     <span class='ocr_line' id='line_1_32' title="bbox 329 3762 1597 3831; baseline -0.004 -11"><span class='ocrx_word' id='word_1_255' title='bbox 329 3769 371 3820; x_wconf 87' lang='lat' dir='ltr'>tit.</span> <span class='ocrx_word' id='word_1_256' title='bbox 390 3765 457 3831; x_wconf 83' lang='grc' dir='ltr'>23,ι</span> <span class='ocrx_word' id='word_1_257' title='bbox 475 3764 577 3816; x_wconf 92' lang='lat' dir='ltr'>monuit</span> <span class='ocrx_word' id='word_1_258' title='bbox 595 3763 664 3829; x_wconf 89' lang='lat' dir='ltr'>Keil,</span> <span class='ocrx_word' id='word_1_259' title='bbox 682 3763 869 3830; x_wconf 87' lang='lat' dir='ltr'>Inscriptiones</span> <span class='ocrx_word' id='word_1_260' title='bbox 888 3763 1053 3816; x_wconf 84' lang='lat' dir='ltr'>Thessalicae</span> <span class='ocrx_word' id='word_1_261' title='bbox 1070 3767 1132 3815; x_wconf 88' lang='lat' dir='ltr'>tres.</span> <span class='ocrx_word' id='word_1_262' title='bbox 1168 3763 1314 3831; x_wconf 88' lang='lat' dir='ltr'>Numburgi</span> <span class='ocrx_word' id='word_1_263' title='bbox 1330 3762 1407 3815; x_wconf 78' lang='lat'>1857.</span> <span class='ocrx_word' id='word_1_264' title='bbox 1426 3779 1453 3831; x_wconf 91' lang='lat' dir='ltr'>p.</span> <span class='ocrx_word' id='word_1_265' title='bbox 1469 3763 1494 3829; x_wconf 84' lang='lat'>5,</span> <span class='ocrx_word' id='word_1_266' title='bbox 1596 3797 1597 3824; x_wconf 46' lang='lat' dir='ltr'>r</span> 
     </span>
     <span class='ocr_line' id='line_1_33' title="bbox 330 3849 1597 3928; baseline -0.004 -20"><span class='ocrx_word' id='word_1_267' title='bbox 330 3855 459 3908; x_wconf 86' lang='lat' dir='ltr'>adiectiva</span> <span class='ocrx_word' id='word_1_268' title='bbox 477 3854 526 3904; x_wconf 94' lang='lat' dir='ltr'>hoc</span> <span class='ocrx_word' id='word_1_269' title='bbox 545 3866 628 3919; x_wconf 90' lang='lat' dir='ltr'>genus</span> <span class='ocrx_word' id='word_1_270' title='bbox 647 3850 715 3902; x_wconf 91' lang='lat' dir='ltr'>haud</span> <span class='ocrx_word' id='word_1_271' title='bbox 735 3850 812 3902; x_wconf 91' lang='lat' dir='ltr'>dubie</span> <span class='ocrx_word' id='word_1_272' title='bbox 831 3851 978 3915; x_wconf 83' lang='lat' dir='ltr'>possessiva</span> <span class='ocrx_word' id='word_1_273' title='bbox 996 3867 1062 3915; x_wconf 89' lang='lat' dir='ltr'>esse,</span> <span class='ocrx_word' id='word_1_274' title='bbox 1087 3865 1142 3902; x_wconf 92' lang='lat' dir='ltr'>non</span> <span class='ocrx_word' id='word_1_275' title='bbox 1160 3851 1354 3917; x_wconf 79' lang='lat' dir='ltr'>patronymica,</span> <span class='ocrx_word' id='word_1_276' title='bbox 1377 3850 1411 3902; x_wconf 93' lang='lat' dir='ltr'>ad</span> <span class='ocrx_word' id='word_1_277' title='bbox 1430 3851 1494 3903; x_wconf 91' lang='lat' dir='ltr'>titu-</span> <span class='ocrx_word' id='word_1_278' title='bbox 1592 3849 1597 3928; x_wconf 57' lang='lat' dir='ltr'>j</span> 
     </span>
    </p>
   </div>
   <div class='ocr_carea' id='block_1_11' title="bbox 329 3934 1597 4114">
    <p class='ocr_par' dir='ltr' id='par_1_12' title="bbox 329 3934 1597 4114">
     <span class='ocr_line' id='line_1_34' title="bbox 329 3934 1597 4024; baseline -0.005 -28"><span class='ocrx_word' id='word_1_279' title='bbox 329 3944 382 3996; x_wconf 92' lang='lat' dir='ltr'>lum</span> <span class='ocrx_word' id='word_1_280' title='bbox 411 3939 539 4009; x_wconf 90' lang='lat' dir='ltr'>imprimis</span> <span class='ocrx_word' id='word_1_281' title='bbox 568 3937 675 4004; x_wconf 87' lang='lat' dir='ltr'>Ussingi</span> <span class='ocrx_word' id='word_1_282' title='bbox 703 3937 779 3989; x_wconf 93' lang='lat' dir='ltr'>modo</span> <span class='ocrx_word' id='word_1_283' title='bbox 806 3937 940 3989; x_wconf 89' lang='lat' dir='ltr'>laudatum</span> <span class='ocrx_word' id='word_1_284' title='bbox 965 3937 1068 4003; x_wconf 88' lang='lat' dir='ltr'>(=Lb</span> <span class='ocrx_word' id='word_1_285' title='bbox 1085 3937 1161 4000; x_wconf 86' lang='grc'>1269)</span> <span class='ocrx_word' id='word_1_286' title='bbox 1188 3952 1345 4004; x_wconf 85' lang='lat' dir='ltr'>provocans:</span> <span class='ocrx_word' id='word_1_287' title='bbox 1375 3934 1495 3990; x_wconf 83' lang='grc' dir='ltr'><strong>Ποοτάλα</strong></span> <span class='ocrx_word' id='word_1_288' title='bbox 1596 4003 1597 4024; x_wconf 23' lang='lat'>¹</span> 
     </span>
     <span class='ocr_line' id='line_1_35' title="bbox 331 4021 1597 4114; baseline -0.005 -30"><span class='ocrx_word' id='word_1_289' title='bbox 331 4029 469 4084; x_wconf 75' lang='lat' dir='ltr'>llcoraletu</span> <span class='ocrx_word' id='word_1_290' title='bbox 487 4027 550 4114; x_wconf 59' lang='grc' dir='ltr'>κόροι</span> <span class='ocrx_word' id='word_1_291' title='bbox 569 4022 684 4094; x_wconf 79' lang='grc' dir='ltr'><strong>Τιτυροία</strong></span> <span class='ocrx_word' id='word_1_292' title='bbox 703 4025 775 4092; x_wconf 83' lang='grc' dir='ltr'><strong>γυνά;</strong></span> <span class='ocrx_word' id='word_1_293' title='bbox 798 4039 849 4090; x_wconf 91' lang='lat' dir='ltr'>quo</span> <span class='ocrx_word' id='word_1_294' title='bbox 867 4024 896 4075; x_wconf 91' lang='lat' dir='ltr'>in</span> <span class='ocrx_word' id='word_1_295' title='bbox 914 4024 990 4076; x_wconf 80' lang='lat' dir='ltr'>titulo</span> <span class='ocrx_word' id='word_1_296' title='bbox 1009 4041 1066 4076; x_wconf 88' lang='lat' dir='ltr'>cum</span> <span class='ocrx_word' id='word_1_297' title='bbox 1086 4025 1145 4076; x_wconf 84' lang='lat' dir='ltr'>voci</span> <span class='ocrx_word' id='word_1_298' title='bbox 1163 4021 1185 4076; x_wconf 86' lang='grc' dir='ltr'><strong>Τ</strong></span> <span class='ocrx_word' id='word_1_299' title='bbox 1187 4025 1279 4092; x_wconf 74' lang='lat' dir='ltr'>scopata</span> <span class='ocrx_word' id='word_1_300' title='bbox 1296 4025 1350 4076; x_wconf 91' lang='lat' dir='ltr'>nisi</span> <span class='ocrx_word' id='word_1_301' title='bbox 1369 4025 1494 4078; x_wconf 89' lang='lat' dir='ltr'>adiectivi</span> <span class='ocrx_word' id='word_1_302' title='bbox 1596 4025 1597 4030; x_wconf 73' lang='grc'>’</span> 
     </span>
    </p>
   </div>
   <div class='ocr_carea' id='block_1_12' title="bbox 329 4110 1597 4186">
    <p class='ocr_par' dir='ltr' id='par_1_13' title="bbox 329 4110 1597 4186">
     <span class='ocr_line' id='line_1_36' title="bbox 329 4110 1597 4186; baseline -0.004 -16"><span class='ocrx_word' id='word_1_303' title='bbox 329 4117 470 4186; x_wconf 85' lang='lat' dir='ltr'>possessivi</span> <span class='ocrx_word' id='word_1_304' title='bbox 495 4115 568 4167; x_wconf 90' lang='lat' dir='ltr'>notio</span> <span class='ocrx_word' id='word_1_305' title='bbox 592 4114 678 4164; x_wconf 87' lang='lat' dir='ltr'>inesse</span> <span class='ocrx_word' id='word_1_306' title='bbox 701 4127 755 4164; x_wconf 94' lang='lat' dir='ltr'>non</span> <span class='ocrx_word' id='word_1_307' title='bbox 777 4111 874 4178; x_wconf 89' lang='lat' dir='ltr'>possit,</span> <span class='ocrx_word' id='word_1_308' title='bbox 899 4113 976 4164; x_wconf 88' lang='lat' dir='ltr'>etiam</span> <span class='ocrx_word' id='word_1_309' title='bbox 1001 4113 1130 4164; x_wconf 87' lang='lat' dir='ltr'>adieetiva</span> <span class='ocrx_word' id='word_1_310' title='bbox 1152 4110 1264 4164; x_wconf 92' lang='lat' dir='ltr'>filiorum</span> <span class='ocrx_word' id='word_1_311' title='bbox 1282 4111 1429 4165; x_wconf 81' lang='lat' dir='ltr'>filiarumve</span> <span class='ocrx_word' id='word_1_312' title='bbox 1447 4129 1495 4165; x_wconf 90' lang='lat' dir='ltr'>no·</span> <span class='ocrx_word' id='word_1_313' title='bbox 1596 4137 1597 4146; x_wconf 31' lang='grc' dir='ltr'><strong>ο</strong></span> 
     </span>
    </p>
   </div>
   <div class='ocr_carea' id='block_1_13' title="bbox 330 4196 1496 4624">
    <p class='ocr_par' dir='ltr' id='par_1_14' title="bbox 330 4196 1496 4624">
     <span class='ocr_line' id='line_1_37' title="bbox 331 4196 1495 4267; baseline -0.003 -11"><span class='ocrx_word' id='word_1_314' title='bbox 331 4206 402 4256; x_wconf 87' lang='lat' dir='ltr'>mina</span> <span class='ocrx_word' id='word_1_315' title='bbox 421 4203 573 4255; x_wconf 85' lang='lat' dir='ltr'>exhibentia</span> <span class='ocrx_word' id='word_1_316' title='bbox 586 4229 619 4238; x_wconf 92' lang='lat'><em>-</em></span> <span class='ocrx_word' id='word_1_317' title='bbox 633 4199 705 4252; x_wconf 89' lang='lat' dir='ltr'>velut</span> <span class='ocrx_word' id='word_1_318' title='bbox 717 4196 857 4251; x_wconf 77' lang='lat' dir='ltr'>llcurulela</span> <span class='ocrx_word' id='word_1_319' title='bbox 874 4229 906 4234; x_wconf 91' lang='lat'><em>-</em></span> <span class='ocrx_word' id='word_1_320' title='bbox 927 4199 956 4250; x_wconf 92' lang='lat' dir='ltr'>in</span> <span class='ocrx_word' id='word_1_321' title='bbox 974 4200 1181 4267; x_wconf 82' lang='lat' dir='ltr'>possessivorum</span> <span class='ocrx_word' id='word_1_322' title='bbox 1199 4199 1420 4267; x_wconf 87' lang='lat' dir='ltr'>significationem</span> <span class='ocrx_word' id='word_1_323' title='bbox 1438 4216 1495 4253; x_wconf 88' lang='lat' dir='ltr'>esso</span> 
     </span>
     <span class='ocr_line' id='line_1_38' title="bbox 331 4284 1496 4358; baseline -0.003 -15"><span class='ocrx_word' id='word_1_324' title='bbox 331 4289 484 4358; x_wconf 89' lang='lat' dir='ltr'>accipienda</span> <span class='ocrx_word' id='word_1_325' title='bbox 507 4287 660 4341; x_wconf 87' lang='lat' dir='ltr'>concludere</span> <span class='ocrx_word' id='word_1_326' title='bbox 682 4286 768 4338; x_wconf 88' lang='lat' dir='ltr'>liceat.</span> <span class='ocrx_word' id='word_1_327' title='bbox 810 4284 898 4352; x_wconf 87' lang='lat' dir='ltr'>Atque</span> <span class='ocrx_word' id='word_1_328' title='bbox 920 4287 983 4339; x_wconf 87' lang='lat' dir='ltr'>haec</span> <span class='ocrx_word' id='word_1_329' title='bbox 1008 4286 1112 4355; x_wconf 90' lang='lat' dir='ltr'>quidem</span> <span class='ocrx_word' id='word_1_330' title='bbox 1135 4290 1212 4338; x_wconf 89' lang='lat' dir='ltr'>recte.</span> <span class='ocrx_word' id='word_1_331' title='bbox 1252 4285 1307 4338; x_wconf 90' lang='lat' dir='ltr'>Nec</span> <span class='ocrx_word' id='word_1_332' title='bbox 1330 4289 1419 4339; x_wconf 87' lang='lat' dir='ltr'>tamen</span> <span class='ocrx_word' id='word_1_333' title='bbox 1440 4288 1496 4340; x_wconf 88' lang='lat' dir='ltr'>nlla</span> 
     </span>
     <span class='ocr_line' id='line_1_39' title="bbox 331 4372 1496 4443; baseline -0.004 -12"><span class='ocrx_word' id='word_1_334' title='bbox 331 4381 370 4432; x_wconf 93' lang='lat' dir='ltr'>est</span> <span class='ocrx_word' id='word_1_335' title='bbox 390 4392 478 4442; x_wconf 85' lang='lat' dir='ltr'>causa,</span> <span class='ocrx_word' id='word_1_336' title='bbox 497 4392 542 4427; x_wconf 89' lang='lat' dir='ltr'>eur</span> <span class='ocrx_word' id='word_1_337' title='bbox 561 4375 638 4427; x_wconf 88' lang='lat' dir='ltr'>solita</span> <span class='ocrx_word' id='word_1_338' title='bbox 656 4375 770 4426; x_wconf 88' lang='lat' dir='ltr'>dictione</span> <span class='ocrx_word' id='word_1_339' title='bbox 788 4387 837 4425; x_wconf 91' lang='lat' dir='ltr'>nos</span> <span class='ocrx_word' id='word_1_340' title='bbox 856 4373 1019 4438; x_wconf 82' lang='lat' dir='ltr'>abdicemus3</span> <span class='ocrx_word' id='word_1_341' title='bbox 1038 4375 1061 4426; x_wconf 91' lang='lat' dir='ltr'>si</span> <span class='ocrx_word' id='word_1_342' title='bbox 1075 4373 1178 4441; x_wconf 90' lang='lat' dir='ltr'>quidem</span> <span class='ocrx_word' id='word_1_343' title='bbox 1193 4372 1380 4425; x_wconf 88' lang='lat' dir='ltr'>adiectivorum</span> <span class='ocrx_word' id='word_1_344' title='bbox 1397 4389 1496 4443; x_wconf 83' lang='lat' dir='ltr'>cogna-</span> 
     </span>
     <span class='ocr_line' id='line_1_40' title="bbox 330 4459 1496 4530; baseline -0.002 -12"><span class='ocrx_word' id='word_1_345' title='bbox 330 4465 411 4518; x_wconf 90' lang='lat' dir='ltr'>tionis</span> <span class='ocrx_word' id='word_1_346' title='bbox 430 4479 472 4529; x_wconf 85' lang='lat' dir='ltr'>ea,</span> <span class='ocrx_word' id='word_1_347' title='bbox 499 4478 565 4530; x_wconf 86' lang='lat' dir='ltr'>quae</span> <span class='ocrx_word' id='word_1_348' title='bbox 588 4462 670 4529; x_wconf 90' lang='lat' dir='ltr'>patris</span> <span class='ocrx_word' id='word_1_349' title='bbox 689 4476 785 4513; x_wconf 90' lang='lat' dir='ltr'>nomen</span> <span class='ocrx_word' id='word_1_350' title='bbox 804 4459 941 4527; x_wconf 82' lang='lat' dir='ltr'>exhibent,</span> <span class='ocrx_word' id='word_1_351' title='bbox 964 4462 1158 4529; x_wconf 84' lang='lat' dir='ltr'>patronymica,</span> <span class='ocrx_word' id='word_1_352' title='bbox 1177 4461 1273 4528; x_wconf 88' lang='lat' dir='ltr'>quibus</span> <span class='ocrx_word' id='word_1_353' title='bbox 1291 4461 1378 4514; x_wconf 85' lang='lat' dir='ltr'>mariti</span> <span class='ocrx_word' id='word_1_354' title='bbox 1396 4477 1496 4516; x_wconf 92' lang='lat' dir='ltr'>nomen</span> 
     </span>
     <span class='ocr_line' id='line_1_41' title="bbox 330 4547 897 4624; baseline -0.007 -18"><span class='ocrx_word' id='word_1_355' title='bbox 330 4550 504 4624; x_wconf 86' lang='lat' dir='ltr'>significatur,</span> <span class='ocrx_word' id='word_1_356' title='bbox 523 4549 710 4620; x_wconf 79' lang='lat' dir='ltr'>andronymios</span> <span class='ocrx_word' id='word_1_357' title='bbox 729 4547 897 4619; x_wconf 66' lang='lat' dir='ltr'>appellamus,</span> 
     </span>
    </p>
   </div>
   <div class='ocr_carea' id='block_1_14' title="bbox 0 0 1620 5262">
    <p class='ocr_par' dir='ltr' id='par_1_15' title="bbox 0 0 1620 5262">
     <span class='ocr_line' id='line_1_42' title="bbox 0 0 1620 5262; baseline 0 0"><span class='ocrx_word' id='word_1_358' title='bbox 0 0 1620 5262; x_wconf 95' lang='lat' dir='ltr'> </span> 
     </span>
    </p>
   </div>
  </div>
 </body>
</html>
