3232 5262
672 474 791 527 XXXIII

212 628 294 692 Ante
323 627 486 692 articulum
519 629 637 714 positae
669 631 785 694 formae
817 630 980 714 populares
1006 631 1123 716 passim
1149 635 1221 694 sunt
1246 652 1309 694 ser-

148 734 250 795 vatae.
302 730 376 794 κατὰ
405 729 454 794 τόν
480 731 593 816 legitur
624 731 657 796 in
683 730 774 796 titulo
808 732 1040 798 recentissimae
1066 732 1177 798 aetatis
1206 731 1308 816 53g1s

148 831 274 897 Chaer.

233 1125 300 1188 Iam
323 1126 349 1190 si
372 1147 451 1210 quae
473 1131 540 1191 tota
568 1127 783 1194 dissertatione
810 1129 908 1194 fusius
935 1127 1192 1216 pertractavimus
1221 1124 1308 1188 brevi

148 1232 313 1312 conspeetu
335 1227 386 1292 hio
408 1229 616 1314 proponimus
640 1231 836 1312 mutationes,
860 1253 936 1316 quas
952 1231 1136 1296 Boeotorum
1156 1227 1306 1293 dialectus

147 1335 323 1416 temporum
344 1329 475 1395 decursu
497 1331 637 1413 subierit,
659 1333 784 1398 fuerunt
804 1334 916 1400 haece:

211 1473 251 1530 αι,
274 1473 301 1512 οι
386 1469 441 1535 pro
527 1464 567 1530 ᾱι,
589 1475 626 1516 ‹ur
711 1456 783 1516 ante
811 1473 838 1517 a.
862 1453 927 1518 500
947 1475 975 1518 a.
999 1453 1069 1518 Chr.
1084 1451 1129 1536 (Ρ)

254 1575 274 1636 η
405 1602 421 1633 n
563 1576 594 1616 αἱ
722 1574 767 1619 ⁰⁸·
814 1605 830 1636 n
861 1557 927 1621 4OE
1035 1605 1050 1635 n

259 1678 269 1718 ι
405 1703 421 1734 ,,
565 1678 591 1718 ει

249 1779 276 1820 εῑ
404 1805 420 1837 n
565 1779 585 1840 η
737 1807 753 1838 n
815 1809 831 1839 n
886 1809 903 1840 n

259 1883 270 1922 ι
404 1908 420 1939 „
479 1864 675 1925 eantevoo.
736 1910 752 1941 „
815 1861 928 1941 „350
1036 1910 1051 1941 „

245 1987 281 2027 oo
404 2010 419 2041 „
559 1960 591 2025 Y
677 1962 801 2026 omnino
813 2013 830 2045 „
862 1965 927 2029 250
1035 2013 1051 2043 „
1103 1959 1304 2046 (350-250)

243 2087 287 2128 rou
356 2067 478 2148 praeter
563 2085 597 2126 oo
725 2085 770 2128 oa
817 2115 834 2146 ,‚
886 2115 903 2146 ,‚
1036 2115 1051 2145 „

231 2188 299 2252 gen.
400 2185 455 2251 pro
477 2164 589 2230 adieet.
612 2170 691 2250 patr.
743 2217 759 2248 „
821 2216 838 2248 ‚‚
862 2168 927 2233 230
1035 2217 1051 2247 „

255 2293 273 2332 o
404 2317 420 2348 ‚‚
564 2290 592 2330 οι

240 2387 368 2452 Formae
389 2384 530 2469 vulgares
552 2385 586 2450 in
608 2385 708 2451 omnis
729 2387 841 2452 aetatis
863 2387 974 2452 titulis.
1018 2387 1104 2452 Inter
1125 2408 1202 2471 quas

347 2508 440 2574 apro
463 2512 473 2578 r
494 2493 566 2553 ante
587 2508 653 2554 voe.
676 2487 749 2554 inde
772 2488 812 2553 ab
835 2510 863 2554 a.
886 2490 951 2555 250
973 2510 1000 2554 a.
1024 2489 1094 2554 Chr.

193 4747 323 4798 hatfeld,
337 4747 418 4800 sylloge
431 4746 600 4794 inscriptionum
613 4744 771 4784 Boeotiearum.
