3220 5254
880 393 907 446 X

316 548 385 633 ipsa
409 549 468 612 lert
489 570 590 613 rerum
613 554 738 628 natura3
761 554 796 613 ut
818 569 912 634 penes
935 549 1059 612 eosdem
1082 551 1144 611 fere
1166 546 1356 632 permultos
1378 566 1476 609 annos

319 650 431 714 summi
455 651 654 734 magistratus
675 651 798 715 fuerint.
842 653 907 728 Qua
932 673 964 716 re
991 652 1085 715 fretus
1109 670 1170 714 non
1192 655 1296 713 metuo
1318 670 1357 712 ne
1379 649 1475 713 auda-

316 753 379 816 cior
407 753 481 833 sim,
508 752 662 817 adnuente
689 753 850 818 titulorum
880 775 1018 819 sermone
1045 754 1103 818 hoc
1128 753 1296 838 proferens:
1325 751 1474 836 Hippiam

319 877 400 936 eum,
424 855 477 939 qui
492 854 592 919 titulis
608 855 720 919 nostris
736 863 999 936 commemoretur,
1023 861 1115 939 atque
1135 855 1224 919 illum
1247 854 1334 918 cuius
1356 845 1475 918 mentio

315 959 370 1021 fiat
396 958 478 1044 apud
500 956 681 1048 Polybium,
705 958 837 1022 eundem
859 959 954 1022 fuisse
978 965 1009 1022 et
1037 965 1201 1041 utrumque
1228 957 1356 1021 titulum
1384 957 1474 1020 annis

314 1061 395 1124 inter
411 1061 470 1125 187
488 1057 594 1123 -vel
617 1080 668 1123 eos
692 1061 745 1144 qui
766 1062 904 1145 proxime
927 1059 1206 1125 antecedebant-
1222 1061 1331 1124 et171
1354 1080 1381 1122 a.
1402 1058 1473 1122 Chr.

315 1161 576 1226 intercedentibus
599 1161 748 1226 tribuens,
774 1199 810 1208 -
834 1164 982 1248 Hippiam
1003 1163 1110 1247 quanti
1126 1163 1255 1227 Perseus
1269 1162 1474 1226 Macedonum

315 1286 369 1328 rex
392 1264 577 1344 aestimarit,
605 1263 676 1328 inde
704 1265 778 1347 licet
803 1266 996 1345 concludere,
1024 1265 1105 1350 qnod
1133 1287 1203 1330 eum
1226 1265 1327 1351 patria
1348 1263 1473 1349 pulsnm

318 1366 538 1450 benignissime
574 1368 695 1452 excepit
725 1373 757 1432 et
786 1369 866 1432 inter
898 1367 1155 1432 familiarissimos
1188 1367 1306 1431 habuit.
1356 1365 1474 1430 Eodem

315 1470 422 1532 statim
451 1489 543 1548 anno,
572 1489 631 1552 que
655 1469 771 1534 Thebis
794 1470 900 1556 pulsus
924 1477 1004 1550 erat,
1032 1491 1051 1533 a
1073 1470 1183 1534 Perseo
1205 1471 1336 1553 Romam
1359 1469 1473 1532 missus

315 1577 371 1650 est,
394 1577 432 1634 ut
454 1591 524 1634 eum
547 1571 587 1634 ab
609 1571 803 1636 inimicorum
828 1572 990 1637 calumniis
1008 1571 1183 1636 defenderet
1198 1572 1316 1656 (Polyb.
1333 1573 1383 1649 27,
1398 1598 1417 1644 e,
1430 1570 1473 1654 r);

314 1672 461 1758 proximis
490 1673 726 1757 annis(16918)
756 1675 796 1738 ad
819 1674 985 1738 Genthium
1008 1673 1182 1757 Illyriorum
1203 1695 1320 1757 regem,
1344 1680 1379 1737 ut
1401 1695 1473 1739 eum

315 1775 355 1839 ad
378 1775 558 1839 societatem
582 1796 653 1838 oum
668 1775 778 1840 Perseo
794 1785 898 1840 centra
912 1777 1066 1841 Romanos
1081 1775 1249 1840 ineundam
1264 1785 1473 1842 commoveret

316 1877 438 1962 (Polyb.
456 1877 507 1957 28,
524 1905 574 1952 aa,
596 1878 647 1958 29,
669 1907 687 1954 e,
702 1877 737 1960 ι).
784 1878 915 1943 Omnino
937 1899 1009 1943 vero
1030 1878 1161 1964 Hippias
1183 1878 1386 1942 Macedonum
1408 1881 1473 1963 regi

314 1981 345 2043 in
370 1981 450 2045 bello
474 2002 543 2045 cum
566 1979 713 2044 Romanis
736 1986 821 2063 gesto
849 1981 888 2044 ab
915 1982 1034 2046 intimis
1057 1987 1122 2044 erat
1144 1980 1293 2061 consiliio,
1317 2003 1410 2066 quam
1433 1983 1472 2047 ob

314 2104 379 2147 rem
412 2089 536 2168 propter
565 2083 713 2147 miserum
747 2089 891 2147 eventum
929 2104 1002 2148 mox
1039 2085 1104 2166 regi
1137 2083 1257 2148 invisus
1289 2085 1390 2148 laetus
1424 2091 1473 2150 est

313 2185 434 2270 (Polyb.
450 2186 502 2265 28,
518 2187 596 2268 10,1).

399 2287 445 2352 De
470 2287 560 2353 Noba
571 2288 595 2372 ¹)
621 2287 873 2371 Karthaginiensi
900 2288 944 2352 nil
971 2289 1114 2354 innotuit.
1160 2290 1405 2354 Verumtamen
1428 2328 1470 2338 -

314 2412 504 2474 quamquam
525 2411 586 2455 non
608 2411 685 2475 nego
708 2391 774 2454 lieri
796 2391 943 2476 potuisse,
966 2397 1002 2455 ut
1024 2392 1056 2455 in
1076 2393 1295 2476 negotiatorem
1317 2393 1472 2477 quendam

314 2493 604 2577 Karthaginiensem
631 2495 669 2558 de
696 2494 853 2558 communi
879 2493 1062 2558 Boeotorum
1094 2493 1170 2557 bene
1193 2495 1337 2559 meritum
1361 2495 1473 2560 civitas

313 2599 498 2661 conferretur
519 2634 561 2643 —
583 2602 688 2661 tamen
710 2597 827 2660 nemini
849 2603 923 2681 puto
951 2616 1011 2660 non
1037 2596 1137 2679 magis
1160 2596 1300 2660 adridere
1324 2597 1472 2662 Boeclrhii

312 2698 352 2762 aa
379 2701 459 2764 nune
492 2699 1042 2784 titulum(01G1565)prolatam
1075 2699 1276 2763 sententiam:
1313 2700 1474 2780 „Arbitror
1602 2667 1603 2690 ¹

312 2807 417 2866 autem
443 2803 534 2866 illum
558 2802 681 2866 Nobam
710 2791 729 2864 a
755 2801 1067 2884 Karthaginiensibus
1093 2802 1126 2864 in
1152 2801 1311 2865 Graeciam
1341 2802 1473 2868 missum

311 2904 449 2987 legatum
477 2927 559 2985 esse,
591 2911 626 2970 ut
653 2904 691 2968 de
719 2903 934 2968 communibus
966 2903 1113 2967 adversus
1143 2902 1298 2968 Romanos
1334 2905 1472 2971 consiliis

314 3009 447 3088 ageret.“
472 3042 513 3052 —-
536 3006 593 3070 Cui
620 3005 789 3070 sententiae
817 3004 971 3089 extemplo
993 2991 1228 3070 fundamentum
1251 3007 1380 3071 struitur
1401 3007 1471 3073 Livi

311 3107 488 3171 testimonie
514 3109 569 3173 lib.
586 3109 639 3188 41,
652 3134 676 3174 sa
702 3108 779 3172 haec
807 3106 990 3170 enarrantis:
1023 3107 1149 3191 „Legati
1171 3108 1250 3188 (scil.
1279 3130 1298 3172 a
1324 3109 1473 3174 Romanis

313 3209 538 3294 Karthaginem
564 3218 595 3275 et
619 3211 661 3274 'ad
688 3209 903 3274 Massinissam
929 3209 1033 3292 missi)
1060 3210 1148 3273 nonis
1174 3210 1273 3274 Iuniis
1300 3233 1338 3274 ex
1365 3212 1473 3277 Africa

311 3313 494 3377 redierunt.
519 3363 526 3378 .
551 3319 776 3398 ..compertum
798 3317 904 3375 tamen
926 3311 1173 3392 adfirmaverunt,
1197 3312 1314 3394 legatos
1338 3314 1377 3378 ab
1399 3336 1471 3398 rege

312 3414 422 3478 Perseo
446 3417 576 3495 venisse,
600 3416 700 3499 iisque
722 3420 815 3479 noctu
840 3419 983 3478 senatum
1001 3413 1033 3476 iu
1049 3403 1124 3478 aede
1140 3415 1306 3500 Aesculapi
1314 3414 1340 3499 ²)
1362 3417 1471 3482 datum

311 3537 387 3579 esse.
433 3518 482 3581 Ab
499 3518 688 3600 Karthagine
709 3517 828 3600 legatos
850 3516 883 3580 in
898 3516 1110 3580 Macedoniarn
1133 3517 1245 3580 missos
1268 3525 1299 3582 et
1322 3540 1376 3582 rex
1398 3519 1469 3602 (int.

311 3618 506 3702 Massinissa)
519 3620 745 3699 adfirmaverat,
762 3625 794 3683 et
807 3619 869 3703 ipsi
885 3640 993 3703 parum
1009 3625 1183 3684 constanter
1197 3624 1414 3702 negaverant.“
1429 3659 1470 3668 —-

310 3720 423 3804 Agitur
445 3721 482 3786 de
505 3742 584 3786 anno
607 3743 635 3784 a.
655 3743 686 3784 u.
707 3721 984 3787 0.580=174a.
1002 3720 1081 3802 Chr,
1106 3743 1166 3806 quo
1188 3728 1327 3807 ternpore
1351 3723 1470 3786 Thebis

309 3823 440 3909 Hippias
467 3825 547 3888 inter
573 3842 709 3886 summos
737 3845 839 3887 rerum
861 3823 1126 3888 administratores
1149 3830 1223 3888 erat.
1247 3825 1471 3914 —Immerito

309 3926 403 3991 fidem
419 3927 490 3991 huie
509 3926 576 3990 loco
592 3925 753 4008 abrogavit
767 3925 888 4006 Nissen,
915 3923 1088 4006 „Kritisohe
1103 3926 1380 4010 Untersuchungen
1394 3927 1471 3991 iiber

310 4028 360 4093 die
384 4029 511 4106 Quellen
534 4028 588 4093 der
610 4028 729 4092 vierten
752 4027 814 4090 und
837 4029 868 4090 Γ·
892 4029 958 4092 ften
979 4028 1105 4092 Dekade
1129 4029 1183 4092 des
1206 4028 1341 4093 Livius.“
1386 4029 1468 4094 Berl.

312 4129 403 4196 1863.
431 4119 461 4216 p.
479 4133 555 4196 241:
590 4129 650 4212 ,Es
676 4130 719 4194 ist
746 4129 813 4194 eine
841 4130 894 4194 der
922 4131 1151 4215 gewbhnliohen
1180 4130 1470 4215 Verdiohtigungen

312 4253 408 4316 gegen
440 4233 612 4316 Karthago,
646 4232 762 4297 welche
796 4253 850 4316 gar
882 4232 993 4297 lreinen
1028 4232 1167 4299 Glauben
1199 4234 1349 4299 verdient.
1404 4233 1469 4298 Das

380 4462 400 4528 l)
418 4462 519 4516 Nomen
536 4463 619 4516 Poeni
636 4463 718 4516 fuisse
736 4464 840 4516 videtur
856 4461 977 4526 Nobach3
995 4461 1029 4515 cf.
1046 4463 1123 4516 Num.
1142 4462 1185 4528 32,
1197 4474 1229 4516 ra.
1265 4465 1326 4518 Jud.
1345 4464 1414 4530 8,11.

380 4548 401 4623 ²)
420 4550 503 4608 Deum
521 4549 621 4608 Esmun
638 4550 783 4607 Poenorum
803 4550 855 4606 dici
874 4549 982 4606 adnotat
1000 4549 1195 4606 Weissenborn.
