3232 5262
875 385 911 438 vl

311 561 339 602 a.
356 539 426 602 Chr.
448 540 609 624 exsculpto
631 541 718 622 (vide
734 541 828 622 inira)
843 539 868 602 l'
887 552 917 602 et
935 539 959 604 E
981 540 1102 603 litterae
1125 559 1215 602 sonos
1237 561 1259 603 u
1280 549 1312 602 et
1334 539 1363 602 ei
1379 539 1471 622 signi-

311 645 438 706 licentes
461 641 620 728 scripturis
642 643 772 706 noviciis
794 641 923 727 perot
945 651 977 706 et
999 641 1036 706 El
1059 661 1202 725 campum
1229 661 1291 704 non
1312 642 1471 706 cesserint.

395 744 504 808 Eidem
538 745 635 808 aetati
672 744 897 828 adsignandum
936 745 1104 808 anathema
1133 743 1281 806 leuctrae
1314 751 1471 828 repertum

310 847 374 912 ‘268
389 869 409 910 a
423 847 578 911 Praxitele
593 847 777 911 Atheniensi
800 848 983 926 confectum,
1006 847 1061 929 qui
1082 853 1162 908 teste
1178 845 1277 909 Plinio
1299 845 1320 909 l.
1343 868 1370 909 c.
1390 847 1473 910 inter

310 950 349 1014 ol.
375 950 546 1014 104-110
565 949 609 1032 (a
634 950 805 1014 364-310
825 970 853 1012 a.
870 949 957 1030 Chr.)
978 947 1089 1012 lloruit.
1125 948 1251 1010 Annum
1273 948 1337 1014 338
1355 970 1384 1012 a.
1400 949 1470 1013 Chr.

310 1053 438 1116 titulum
466 1073 527 1115 non
560 1073 705 1137 superare
740 1051 918 1115 adfirmavit
944 1049 1070 1113 lleister
1095 1048 1116 1112 l.
1139 1069 1183 1128 e.,
1217 1071 1288 1113 cum
1316 1051 1471 1136 Thespiae

310 1155 390 1218 iuter
410 1154 449 1218 ol.
474 1154 717 1233 102‚2-110‚2
739 1155 782 1236 (a.
806 1151 976 1218 371-338
997 1172 1025 1214 a
1041 1151 1129 1234 Chr.)
1149 1151 1270 1216 deletae
1291 1153 1469 1217 iacuissent.

310 1257 374 1320 Nec
401 1265 505 1320 tamen
535 1255 645 1320 titulus
670 1257 703 1320 in
731 1255 970 1340 Thespiensium
998 1253 1088 1333 urbe,
1117 1253 1173 1318 sed
1195 1254 1343 1319 leuctrae
1370 1277 1470 1342 reper-

310 1365 440 1422 tuaest.

394 1460 598 1526 continuatur
624 1481 735 1544 agmen
762 1459 853 1524 titulo
883 1461 922 1524 11
946 1458 1036 1524 Oreh.
1066 1460 1207 1544 equitum
1240 1461 1368 1524 nomina
1400 1483 1468 1526 con-

308 1563 434 1642 tinenti,
468 1563 521 1646 qui
555 1585 593 1627 ex
626 1563 823 1648 expeditione
856 1563 915 1626 snb
947 1562 1125 1626 Alexandro
1160 1562 1271 1645 hlagno
1300 1563 1332 1626 in
1358 1564 1468 1629 Asiam

308 1669 391 1730 iacta
422 1666 454 1730 in
486 1665 620 1751 patriam
652 1665 766 1730 reversi
798 1666 965 1729 anathema
997 1665 1179 1728 dedicavere
1205 1665 1273 1728 lovi
1301 1665 1466 1731 Servatori.

307 1771 404 1846 Quem
431 1767 559 1832 titulum
587 1775 642 1832 aut
667 1789 694 1831 a.
718 1768 782 1832 330
808 1775 862 1830 aut
884 1768 948 1833 3⁶29
970 1787 998 1830 a.
1019 1766 1089 1830 Chr.
1117 1787 1185 1830 esse
1212 1775 1375 1831 exaratum
1398 1769 1467 1833 inde

308 1871 468 1956 probatur,
502 1869 585 1953 qnod
612 1891 641 1934 a.
665 1871 729 1936 330
753 1869 915 1933 adfinem
941 1876 1086 1951 vergente
1107 1868 1323 1934 Alexandrum
1351 1871 1467 1935 milites

306 1975 339 2038 in
362 1972 524 2036 Graeciam
550 1971 706 2036 dimisisse
736 1979 857 2036 constat
881 1972 935 2055 (ci.
957 1971 1103 2050 Foucart,
1130 1970 1213 2035 Bull.
1236 1971 1274 2036 de
1297 1993 1373 2038 corr.
1396 1974 1467 2038 hell.

306 2076 362 2140 Ill.
387 2076 480 2140 1879.
504 2095 533 2159 p.
549 2075 623 2139 457.
667 2074 803 2154 Meister,
826 2074 856 2137 V
878 2096 908 2159 p.
924 2075 989 2139 205
1004 2073 1066 2157 sq.)

390 2177 504 2241 Aetate
548 2175 707 2260 proximus
750 2183 798 2240 est
839 2177 949 2240 titulus
991 2176 1164 2259 Megaricus
1206 2177 1465 2261 Aegosthenensis

305 2278 437 2366 append.
465 2279 499 2358 1,
527 2297 587 2361 quo
609 2277 702 2342 titulo
729 2278 857 2342 honores
884 2277 1079 2342 continentur
1106 2279 1146 2342 ab
1168 2279 1466 2362 Aegosthenenxium

305 2382 432 2446 civitate
454 2380 486 2443 in
509 2379 677 2464 Siphenses
699 2379 831 2444 Boeotos
853 2380 1000 2444 oculatos.
1045 2380 1133 2456 Quod
1154 2380 1312 2446 decretum
1334 2383 1466 2449 dialecto

304 2483 450 2547 Boeotico
471 2483 645 2547 conlectum
667 2481 820 2567 lapicidae
843 2482 1031 2565 Megarensis
1059 2483 1178 2547 incuria
1200 2505 1341 2549 sermone
1362 2486 1466 2571 Mega-

302 2587 365 2652 rieo
387 2593 594 2671 temperatum
617 2591 674 2648 est.
690 2585 872 2649 —Praeter
893 2585 975 2648 hune
996 2584 1080 2648 tituli
1101 2585 1246 2651 undecim
1262 2588 1317 2652 alii
1332 2590 1463 2674 append.

302 2691 406 2755 2—11
435 2707 575 2752 sermone
597 2686 750 2769 Megarico
777 2687 884 2772 scripti
906 2687 1015 2751 eodem
1038 2687 1142 2771 lapide
1164 2688 1363 2770 exhibentur,
1391 2711 1464 2775 qno-

301 2813 370 2855 rum
393 2789 584 2873 argumentis
607 2789 641 2852 id
663 2789 829 2852 evincitur:
852 2809 889 2852 ea
907 2797 1009 2853 aetate
1030 2811 1093 2873 qua
1112 2791 1174 2854 sint
1193 2793 1342 2878 concepti,
1364 2783 1464 2876 Aege

301 2893 412 2955 sthene
443 2891 552 2954 urbem
585 2891 681 2954 luisse
714 2890 912 2971 Boeotorum,
951 2891 1185 2956 Onchestiorum
1222 2896 1301 2958 sacri
1333 2895 1464 2960 foederis

301 2993 485 3080 participem
498 2991 541 3075 ¹),
575 3013 646 3056 cum
672 2991 730 3056 hoo
756 2992 878 3076 legatur
904 2995 937 3058 in
964 2994 1054 3058 initio
1087 2994 1262 3061 tittdornm:
1294 3001 1346 3061 τοῦ
1373 2999 1464 3068 δεῖνος

373 3231 393 3298 ¹)
412 3230 550 3286 Strabonis
567 3232 718 3285 testimonio
737 3235 789 3287 nisi
808 3235 854 3288 lib.
868 3235 905 3288 lx
925 3252 952 3304 p.
964 3234 1017 3287 412
1035 3236 1099 3289 haec
1117 3237 1285 3304 proferentis:
1305 3237 1463 3310 ,,’11γχηστὸς

299 3317 401 3383 δ’ὶοτίν,
424 3316 487 3372 daco
504 3319 534 3372 τὸ
552 3316 766 3388 Ἀμφικτυονικὸν
789 3323 907 3393 συνήγετο
926 3323 952 3376 ἐν
969 3326 1001 3394 τῇ
1017 3321 1150 3393 ‘Alscprlp
1170 3352 1202 3361 ·-
1221 3324 1290 3395 ἔχων
1308 3323 1463 3387 Ποσειδῶνος

298 3405 381 3475 ἱερον“
405 3435 438 3442 -
464 3421 512 3460 suo
536 3409 593 3460 iure
611 3411 637 3461 et
653 3407 794 3476 Lebasius,
812 3411 901 3464 Rarus
919 3412 989 3463 arch.
1011 3410 1086 3462 1844.
1104 3427 1131 3478 p.
1147 3411 1195 3463 169
1220 3417 1246 3465 et
1264 3413 1411 3468 Bursianus
1433 3417 1462 3468 in

298 3495 365 3546 libro
380 3493 492 3562 ,Geogn
505 3509 558 3546 von
571 3493 752 3548 Griechenld.“
773 3497 793 3548 l.
815 3496 890 3549 1862.
909 3515 935 3566 p.
949 3497 1000 3550 232
1019 3498 1219 3565 contendenmt,
1237 3500 1396 3555 Onchestum
1416 3519 1462 3572 op·

297 3580 387 3648 pidum
407 3585 487 3648 eaput
503 3581 585 3634 inisse
603 3583 671 3634 sacri
688 3582 846 3636 Boeotorum
864 3584 976 3638 foederis
982 3604 990 3650 ;
1008 3602 1098 3638 verum
1116 3587 1200 3638 nostri
1218 3588 1289 3641 tituli
1308 3597 1461 3658 argumento

297 3668 422 3735 deceptus
444 3667 487 3720 hie
505 3668 557 3719 sibi
574 3667 662 3734 finxh,
680 3669 835 3738 oppidulum
853 3672 1001 3725 habendum
1020 3688 1077 3726 esse
1097 3675 1281 3744 „Mittelpunlrt
1299 3677 1371 3730 einer
1390 3679 1461 3732 alten

296 3755 513 3824 Amphilxtyonie,
541 3755 661 3809 welche
688 3757 949 3824 heuptsichlich
977 3760 1030 3812 die
1058 3777 1103 3812 am
1131 3762 1273 3815 inneren
1295 3764 1460 3818 lxorinthi-

295 3843 393 3896 sehon
410 3843 601 3895 lleerbusen
623 3843 805 3913 gelegenen
823 3845 936 3898 Stidte
953 3846 1017 3899 und
1037 3864 1117 3900 zwar
1134 3850 1228 3902 nicht
1251 3850 1341 3904 bloss
1359 3853 1459 3907 boeo-

295 3931 401 3983 tische
418 3929 561 3982 umiasst
578 3946 616 3982 zu
635 3932 740 3984 haben
759 3933 900 3998 seheint,
919 3935 1107 3988 wienirdenn
1125 3936 1193 3988 noch
1212 3939 1358 4005 spaterdas
1371 3956 1459 4010 mega·

295 4019 378 4070 rische
390 4017 574 4085 Aegosthenae
586 4018 625 4070 als
638 4018 715 4072 Glied
727 4019 862 4072 derselben
874 4020 972 4073 finden.
1005 4022 1128 4075 Obschon
1140 4025 1235 4077 Vorort
1248 4025 1331 4079 dieses
1344 4027 1461 4095 Bundes,

293 4121 346 4158 war
364 4105 509 4158 Onchestos
532 4105 598 4158 doeh
621 4106 684 4158 lrein
708 4105 925 4175 selbststindiges
947 4109 1064 4176 hlitglied
1087 4110 1133 4163 des
1155 4112 1325 4166 boeotischen
1342 4114 1459 4182 Bundes,

293 4191 407 4244 eundern
421 4192 527 4259 gehcirte
549 4207 595 4244 zur
609 4189 751 4265 Ἃλιαρτία,
769 4193 828 4247 dem
846 4193 955 4247 Gebiete
971 4195 1016 4248 der
1033 4196 1109 4249 Stadt
1123 4194 1281 4268 ‘Alrcprdc.“
1311 4230 1344 4237 -
1368 4201 1459 4255 Enun-

293 4280 387 4332 tiatum
405 4293 467 4330 vero
485 4277 607 4348 ἄρχοντος
625 4279 651 4332 ἐν
669 4277 815 4350 ’Omeros
832 4281 901 4333 idem
918 4281 1004 4335 valere
1022 4287 1101 4352 atque
1113 4285 1240 4337 usitatum
1253 4286 1318 4340 illud
1337 4287 1459 4359 ἄρχοντος

292 4362 415 4424 Βοιωτοῖς
433 4368 532 4435 optime
557 4369 693 4437 perspexit
711 4367 825 4421 Foucart
842 4369 871 4420 in
889 4368 957 4421 Bull.
976 4369 1008 4422 de
1027 4385 1090 4422 corr.
1108 4371 1169 4424 hell.
1182 4372 1225 4425 IV.
1242 4373 1317 4426 1880.
1330 4391 1356 4442 p.
1370 4375 1404 4427 83
1418 4393 1464 4445 sq..

291 4453 356 4506 hacc
374 4452 518 4506 disserens:
555 4484 587 4492 -
610 4455 691 4520 ,dans
709 4454 747 4508 les
765 4459 850 4522 temps
869 4457 990 4521 enciens,
1009 4456 1153 4510 Onchestos
1171 4461 1243 4512 avait
1262 4457 1302 4512 e'te'
1326 4462 1350 4514 le
1369 4465 1458 4516 centre

292 4537 371 4594 d'une
390 4541 585 4611 amphictyonis
604 4545 630 4595 et
649 4557 697 4594 son
715 4542 810 4612 temple
829 4542 861 4594 de
873 4542 1004 4596 Poseidon
1022 4542 1062 4594 fut
1076 4545 1195 4615 toujours
1208 4545 1343 4603 considdre'
1356 4563 1457 4607 comme
