3232 5262
678 366 745 420 XIX

220 525 257 588 ln
284 524 533 605 Tanagraeomm
567 542 741 587 sermonem
775 521 872 585 multo
906 526 1073 606 antequam
1104 542 1185 588 neve
1210 521 1294 588 litte·

133 633 239 692 ratura
272 627 305 690 in
336 646 429 689 nsum
461 625 648 710 reciperetur
678 661 720 672 -—
750 645 810 708 quo
842 630 981 709 temporo
1013 624 1123 689 ceteris
1152 649 1182 689 αι
1209 631 1242 690 et
1266 649 1294 690 οι

135 729 204 795 soni
236 733 324 793 erant
356 727 496 791 adamati
528 763 570 772 -
602 750 637 791 οιε
667 733 699 792 et
724 751 757 792 ee
786 728 991 812 inrepserunt.
1039 727 1146 812 Neque
1178 728 1212 792 iu
1244 727 1294 792 his

134 833 252 896 formae
274 830 307 894 in
329 854 359 893 eu
381 835 414 893 et
435 819 474 893 οί
484 829 597 894 mediis
618 829 809 915 interpositis
830 854 866 894 ere
886 835 918 894 et
931 853 964 894 ee
978 829 1019 894 ad
1033 853 1054 914 η
1069 835 1101 894 et
1115 853 1133 894 o
1149 829 1294 916 delapsae

134 941 223 1014 sunt;
256 934 353 997 immo
375 956 394 1016 η
418 939 489 996 οίυ
515 932 624 996 statim
650 934 683 996 in
709 932 812 998 locum
838 953 983 998 sonorum
1008 956 1039 996 αι
1065 938 1097 996 et
1122 957 1149 996 οι
1176 955 1295 998 sucees-

133 1043 251 1102 scrunt.
295 1034 333 1098 Id
360 1034 443 1118 quod
470 1035 570 1099 titulis
598 1035 764 1115 evincitur,
791 1036 823 1099 in
850 1056 979 1120 quorum
1005 1034 1148 1120 plurimis
1175 1060 1202 1099 οι
1224 1042 1294 1100 ete

133 1140 203 1204 soni
224 1137 397 1225 promiscue
420 1139 561 1222 usurpati
589 1137 859 1223 deprehenduntur
879 1138 966 1222 (vide
988 1137 1083 1222 tab),
1116 1161 1151 1202 oe
1176 1157 1238 1211 non
1259 1139 1295 1202 fit

134 1241 260 1306 obviam
270 1239 304 1323 ¹).

133 1450 273 1524 Τριφιονίει
295 1454 334 1506 br
357 1453 454 1507 Lebad.
486 1483 519 1491 -
549 1455 624 1509 Unde
651 1455 777 1522 efficitur,
810 1471 840 1508 eo
867 1458 996 1524 tempere,
1023 1470 1075 1524 quo
1103 1454 1215 1508 coniecti
1241 1456 1296 1508 sint

133 1541 220 1607 tituli,
252 1545 278 1593 et
301 1540 528 1594 Chaeronensibus
552 1545 579 1595 et
599 1542 796 1596 Lebadensibus
819 1545 888 1596 inter
910 1561 925 1595 u
949 1547 975 1596 et
996 1561 1017 1595 ει
1040 1558 1119 1596 sonos
1140 1545 1317 1612 pronuntiau'

133 1629 217 1682 tionis
236 1629 399 1682 discriminis
416 1629 455 1681 nil
473 1630 663 1698 intercessisse,
686 1631 764 1683 imnro
782 1634 921 1698 utmmque
940 1630 972 1682 ed
991 1631 1001 1682 i
1020 1645 1113 1684 sonum
1130 1630 1211 1684 fuisse
1230 1634 1295 1684 atte-

133 1719 254 1768 nuatum.
281 1716 334 1769 Nee
353 1720 452 1783 tamen,
471 1721 532 1770 ante
551 1735 629 1786 quam
647 1735 678 1771 ea
689 1718 914 1786 pronuntiationis
928 1717 1046 1785 exempla
1059 1721 1200 1770 ceterorum
1213 1717 1295 1770 Boeo·

132 1805 187 1857 tiae
210 1804 393 1872 oppidulorum
412 1805 498 1857 titulis
517 1804 670 1857 confirmate
688 1808 778 1870 erunt,
801 1824 816 1857 e
835 1806 893 1857 soni
910 1806 978 1857 hane
996 1807 1025 1858 in
1043 1823 1064 1857 ει
1082 1808 1124 1870 (=
1136 1807 1156 1869 i)
1174 1809 1294 1858 attenua-

132 1893 234 1944 tionem
251 1893 281 1944 in
298 1891 455 1945 Boeotorum
474 1907 590 1945 somene
608 1891 689 1945 fuisse
707 1893 812 1958 iustam,
829 1907 876 1959 pro
894 1897 963 1946 certo
983 1892 1118 1946 adfirmare
1136 1894 1229 1946 ausim.

208 2005 227 2068 ¹)
245 2001 401 2073 Δαμοτοίδαο
419 2019 471 2056 vox
488 2005 517 2056 in
535 2006 576 2057 tit.
588 2004 653 2071 36,1
672 2004 748 2057 Oreh.
761 2034 794 2041 —
808 2019 859 2072 quo
878 2005 907 2056 in
925 2005 1003 2058 titulo
1016 2007 1137 2058 omnibus
1150 2005 1211 2058 aliis
1229 2004 1295 2057 locis

133 2111 148 2144 υ
168 2092 295 2160 seriptum
319 2095 450 2159 comparet
468 2119 501 2128 -
520 2109 574 2144 rem
597 2096 713 2145 nostram
736 2107 791 2144 non
808 2092 908 2160 tangit,
932 2109 991 2146 cum
1013 2093 1133 2146 aKeilio
1151 2092 1168 2145 l.
1181 2109 1203 2145 c.
1221 2107 1248 2160 p.
1260 2091 1292 2144 31

134 2209 168 2216 -
188 2185 258 2232 reete
276 2179 304 2231 id
323 2178 427 2246 quidem
445 2193 501 2232 meo
520 2179 617 2233 iudicio
636 2187 793 2250 -propter
814 2182 994 2235 formationem
1019 2197 1035 2233 a
1053 2180 1167 2233 Graecae
1188 2180 1294 2248 linguae

133 2267 238 2335 legibus
256 2267 370 2319 alienam
388 2267 417 2318 in
430 2266 618 2319 dubitationem
632 2268 667 2319 sit
679 2274 772 2338 vocata
784 2271 894 2339 eiusque
906 2271 963 2323 loeo
978 2267 1138 2337 deperiere
1151 2268 1294 2335 proposita.

205 2354 295 2422 Neque
313 2349 453 2418 Meretrice,
476 2369 572 2406 nomen
594 2355 708 2408 hominis
726 2357 881 2424 Phocensis,
906 2359 936 2411 in
958 2360 999 2410 tit.
1012 2356 1055 2422 33,
1065 2358 1124 2421 eolo
1148 2355 1225 2408 Orcb.
1244 2355 1294 2408 buc

133 2441 199 2494 lacit
217 2459 231 2494 e
249 2441 360 2494 dialecto
379 2441 553 2494 Phocensium
570 2441 665 2494 Dorica
682 2449 770 2511 aperte
788 2445 907 2512 petitum.
1109 2495 1112 2499 .

204 2529 263 2582 Vox
286 2529 448 2581 conclamata
472 2535 513 2580 est
536 2524 692 2584 ΜΥΡΙΧΟΣ
715 2531 745 2584 in
766 2531 992 2596 tit.24‚10rch.‚
1016 2531 1047 2585 de
1071 2547 1123 2599 qua
1145 2531 1180 2583 lis
1202 2533 1241 2583 est
1261 2559 1294 2568 -

132 2617 287 2684 pracsertim
305 2632 364 2668 cunr
381 2617 411 2669 in
428 2632 453 2667 v.
466 2615 482 2667 2
502 2615 585 2669 dativi
601 2617 631 2669 in
648 2635 671 2669 οι
682 2619 832 2671 terminatio
845 2615 986 2683 (Διωνίισοι)
999 2619 1034 2670 sit
1046 2621 1149 2671 servata
1161 2646 1194 2656 —
1206 2621 1295 2670 utrum

133 2719 229 2756 sonum
252 2705 375 2772 praebeat
396 2703 540 2771 genuinum
561 2720 593 2767 u,
617 2720 652 2756 an
670 2704 688 2757 ιἰ
705 2721 719 2756 e
738 2700 862 2775 Μοίριχος
885 2708 1033 2773 corruptum
1057 2704 1241 2758 adulterinum.
1260 2734 1294 2742 -

134 2790 219 2854 Quam
245 2806 334 2844 vocem
355 2790 503 2843 Beermann
520 2790 537 2841 l.
551 2806 603 2858 cp
621 2791 654 2844 41
675 2807 691 2843 a
709 2792 792 2862 μίρριι
814 2792 855 2844 vel
870 2791 959 2862 ιμίιρον
983 2791 1161 2845 deducendam
1184 2794 1295 2846 censuit.

134 2879 233 2931 Contra
249 2879 312 2930 Ahr.
325 2877 351 2930 II
362 2893 388 2944 p.
398 2875 450 2929 520
467 2879 492 2928 et
503 2877 529 2928 K
540 2893 566 2944 p.
580 2877 611 2930 18
626 2894 640 2930 e
653 2874 731 2948 Melp·
749 2877 892 2946 prolectam
911 2895 967 2932 esse
984 2879 1130 2931 voluenmt.
1164 2879 1196 2931 In
1214 2879 1294 2932 dubio

133 2965 241 3033 reliquit
262 2965 368 3019 Boeelrh
391 2964 424 3016 ad
450 2962 603 3016 CIG1579.
626 2993 659 3001 —
677 2965 717 3017 Ao
741 2964 899 3018 dubitationi
922 2982 985 3018 sane
1009 2965 1082 3018 locus
1105 2969 1157 3032 ast,
1181 2981 1241 3019 cunr
1265 2967 1294 3019 in

133 3051 219 3104 titulis
237 3052 358 3121 plurimis
377 3052 441 3104 baec
458 3066 510 3104 rex
529 3067 544 3103 a
563 3047 660 3120 Μοιρ-,
679 3047 751 3121 Μυρ-
769 3053 874 3105 initium
893 3051 993 3105 iaciens
1011 3053 1164 3120 reperiatur.
1200 3053 1296 3106 Exstat

135 3135 254 3210 Μοιρίχω
278 3139 308 3192 in
325 3137 461 3203 trt.153,r
478 3139 568 3206 Hyett.
586 3138 639 3190 414
662 3139 775 3208 Tanagr.
794 3136 921 3209 Μοίριχος
939 3138 1033 3192 383ae
1051 3140 1163 3208 Tanagr.
1182 3137 1296 3212 Μίιριχος

136 3225 196 3291 144,
206 3237 229 3276 ιο
246 3226 335 3293 Hyett.
350 3225 409 3288 114,
419 3236 443 3274 rr
455 3224 518 3293 Gep.
537 3255 570 3262 —
590 3221 705 3295 Μίιριχος
729 3230 815 3280 autem
834 3227 953 3280 voculam
977 3228 1006 3278 in
1024 3227 1065 3278 his
1083 3227 1168 3279 titulis
1186 3227 1296 3280 formam

134 3313 277 3380 genuinam
295 3327 350 3366 non
366 3313 499 3380 praebere,
517 3312 562 3365 sed
580 3329 595 3365 c
613 3308 736 3382 Μοίριχος
753 3318 910 3382 corruptam,
929 3331 943 3367 e
961 3313 1116 3366 condicione
1135 3327 1222 3366 eorum
1241 3330 1295 3366 oer-

132 3400 215 3452 nitur.
244 3401 363 3469 Namque
382 3401 423 3452 tit.
439 3400 489 3452 144
501 3399 590 3466 Hyett.
608 3416 627 3450 ιι
645 3415 738 3452 sonum
756 3405 872 3454 veterum
890 3417 960 3454 mere
978 3417 1025 3468 per
1043 3397 1064 3453 Υ
1081 3400 1194 3454 litteram
1214 3400 1295 3470 scrip·

134 3489 192 3538 tum
210 3501 265 3539 non
283 3488 403 3547 exhibet;
428 3487 553 3556 proponit
574 3487 672 3555 ubique
695 3505 724 3539 eo
745 3488 786 3540 vel
811 3506 849 3541 ιου
868 3489 939 3557 (ride
961 3487 1036 3554 tab).
1072 3487 1140 3540 Dein
1159 3505 1182 3539 οι
1200 3488 1296 3540 sinceri

79 3576 83 3582 '
134 3573 194 3626 loco
213 3577 299 3626 exstat
318 3593 342 3627 υ.
365 3603 398 3612 -
421 3575 512 3643 Neque
534 3574 610 3627 aliter
626 3575 667 3626 tit.
683 3573 733 3626 174
746 3575 809 3642 Cep.
828 3592 857 3628 eo
881 3578 907 3628 et
926 3593 963 3628 reu
985 3589 1033 3642 pro
1056 3591 1075 3625 u
1093 3573 1257 3641 suppeditat3
1281 3592 1296 3626 υ

133 3675 182 3728 pro
202 3677 234 3713 er.
269 3661 362 3730 Itaque
384 3663 413 3714 in
436 3663 478 3715 his
503 3661 607 3730 quidem
626 3656 740 3731 Μίιριχος
762 3662 883 3715 reculam
901 3679 915 3716 e
933 3659 1056 3734 Μοίριχος
1074 3675 1131 3713 esse
1150 3665 1296 3731 conuptam

135 3747 202 3800 satis
220 3751 296 3800 const
313 3751 332 3800 t.
346 3777 379 3786 —
396 3748 451 3801 Iam
468 3763 528 3801 vero
547 3748 638 3800 titulos
659 3748 699 3800 12.
715 3749 747 3802 13
761 3749 836 3802 Oreh.
855 3751 878 3802 si
895 3749 1051 3817 inspexeris,
1070 3747 1148 3800 ebria
1166 3749 1215 3800 erit
1232 3748 1296 3800 baec

134 3849 188 3886 vox
207 3835 236 3886 in
253 3835 325 3887 illius
343 3835 427 3900 v.18;
446 3851 532 3904 neque
549 3835 627 3886 huius
646 3835 716 3888 tituli
734 3853 758 3888 r.
771 3837 807 3889 40
824 3837 933 3890 formam
951 3837 1074 3903 praebere
1092 3835 1180 3900 aliam,
1199 3837 1240 3886 sat
1258 3837 1297 3886 est

133 3921 271 3990 probabile
288 3920 332 3985 (cf.
345 3917 491 3976 ΜΥΡΤΩΝ
504 3941 528 3975 ι.
539 3922 591 3987 25).
611 3952 644 3960 -
664 3921 716 3986 Qui
740 3924 812 3977 tituli
835 3940 893 3976 cunr
916 3925 945 3976 in
969 3923 1061 3976 ceteris
1080 3922 1189 3974 vocibus
1208 3939 1230 3974 er
1249 3938 1295 3974 an·

134 4010 241 4078 tiquum
259 4010 365 4062 strenue
386 4011 528 4063 ostendant
546 4014 685 4076 servatum,
704 4026 788 4078 neque
808 4011 838 4063 in
855 4011 905 4063 hac
923 4027 946 4062 οι
966 4024 1046 4062 senus
1064 4009 1092 4060 in
1110 4026 1125 4059 υ
1144 4009 1240 4062 abiisse
1257 4012 1297 4061 ost

134 4095 278 4164 putandus.
305 4095 386 4150 Immo
405 4114 464 4150 cunr
482 4113 501 4148 u
520 4099 578 4150 seni
596 4099 733 4166 antiquam
752 4099 906 4166 scripturam
925 4113 971 4164 per
986 4092 1008 4148 Υ
1024 4097 1054 4148 in
1071 4095 1188 4162 plurimis
1206 4094 1297 4148 formis

81 4254 83 4256 Ι
136 4186 268 4238 retineant
287 4183 357 4252 (ride
376 4185 456 4250 tab),
479 4186 556 4237 etiarn
580 4186 609 4237 in
632 4187 722 4237 nostra
743 4199 806 4238 roee
825 4182 846 4237 Υ
863 4185 978 4237 litteram
999 4199 1019 4235 u
1036 4197 1130 4234 sonum
1148 4182 1297 4251 significare

134 4271 258 4325 efficitur.

206 4359 281 4413 Unde
297 4363 412 4427 apparet,
430 4361 460 4413 in
471 4359 629 4412 Boeotorum
643 4375 761 4412 sermone
780 4362 807 4412 et
818 4354 949 4427 Μοίριχος
966 4356 1005 4422 (id
1023 4355 1093 4424 quod
1111 4359 1204 4410 ceteris
1217 4358 1297 4413 Grae·

135 4446 175 4500 cis
199 4441 315 4516 Μίιριχος
339 4447 460 4510 sonabat)
485 4450 512 4500 et
534 4442 658 4517 Μοίριχος
682 4474 714 4483 -
738 4445 808 4515 quod
830 4448 922 4512 postea
945 4445 974 4496 in
991 4439 1106 4514 Μίιριχοι
1125 4446 1191 4502 abiit
1213 4477 1247 4488 -—
1269 4451 1298 4502 in

132 4551 185 4587 usu
205 4521 295 4586 luisse.
381 4570 384 4577 -

1067 4631 1098 4689 bt
