3232 5262
142 565 230 665 sunt,
253 581 344 646 uncis
367 579 536 663 quadratis
555 578 696 660 signavi:
720 575 771 664 [ul
796 597 965 660 perperam
986 577 1122 642 omissas
1141 576 1299 643 rotundis:

140 701 200 784 (α),
222 699 341 766 vitiose
364 697 465 764 textui
487 696 628 763 intrusae
650 696 740 763 uncis
761 695 885 762 fractis:
907 694 920 780 <
940 695 962 780 >.

231 818 269 883 ln
291 813 502 883 emendandis
525 807 642 900 titulis,
664 835 748 899 quae
772 813 910 880 aliorum
931 814 1069 898 ingeniis
1091 814 1300 898 deberentur,

143 957 231 1021 quae
252 935 323 1020 ipse
345 940 565 1019 temptassem,
587 939 737 1000 accurato
759 955 967 1002 enarrare-
990 955 1033 1000 ne
1054 933 1300 1000 instrumentum

140 1055 290 1123 criticum
311 1054 346 1118 in
365 1054 557 1120 immensum
578 1060 752 1136 augeretur
769 1091 808 1101 -
824 1052 1036 1137 praetermisi,
1058 1051 1093 1116 id
1114 1051 1201 1137 qnod
1223 1050 1301 1117 mihi

138 1175 221 1242 vitio
255 1193 298 1240 ne
319 1178 449 1239 vertant
470 1171 531 1238 riri
564 1171 659 1238 docti.
703 1173 772 1239 Nec
806 1177 857 1238 sat
878 1170 958 1238 utile
978 1171 1084 1238 visum
1105 1178 1164 1256 est,
1188 1191 1301 1237 omnes

139 1293 272 1361 adferre
294 1291 548 1375 emendationes,
570 1290 686 1374 quibus
707 1289 898 1357 lectionibus
913 1289 1100 1375 depravatis
1114 1309 1300 1356 succurrere

140 1413 350 1496 studuerunt,
373 1411 424 1477 hic
446 1417 555 1477 tamen
569 1410 646 1494 illio,
668 1409 723 1477 ubi
745 1409 787 1477 de
801 1429 881 1477 rera
902 1411 1041 1478 lectione
1062 1409 1206 1493 graviter
1227 1407 1300 1474 lice-

102 1507 105 1512 ·
138 1533 199 1598 bat
221 1529 380 1614 dubitare,
403 1511 570 1614 complure
589 1529 697 1596 rettuli
719 1530 979 1597 emendationum
1001 1528 1182 1596 conamina.

229 1649 397 1716 Editorum
425 1647 623 1732 exemplaria
648 1648 829 1732 ubicunqne
858 1649 943 1716 inter
968 1668 1040 1716 sese
1069 1647 1300 1732 discreparent,

140 1791 201 1838 eas
222 1775 349 1835 tantum
370 1766 544 1833 lectionum
559 1767 732 1834 varietates
746 1767 781 1833 in
795 1768 903 1833 animo
918 1774 989 1834 erat
1003 1787 1194 1852 proponere,
1217 1784 1301 1849 quae

140 1890 187 1955 ad
209 1894 334 1954 textum
356 1885 620 1952 conformandum
647 1886 805 1970 aliquanti
827 1885 1063 1972 essentpretii.
1108 1885 1180 1964 Qua
1201 1883 1243 1950 de
1265 1903 1300 1950 re

142 2007 240 2075 omisi
265 2008 454 2073 lacunarum
481 2010 513 2071 et
539 2003 718 2071 litterarum
746 2005 935 2072 detritarum
961 2004 1089 2072 turbam
1115 2005 1236 2072 referre
1257 2004 1300 2071 ab

141 2128 205 2194 hoc
226 2125 327 2192 illove
348 2118 573 2207 iudicatarum,
595 2123 623 2189 si
637 2125 848 2209 complurium
863 2126 1021 2193 editorum
1036 2125 1228 2194 testimoniis
1243 2144 1300 2191 eas

143 2245 243 2313 etiam
264 2239 351 2333 nunc
372 2243 406 2309 in
427 2243 590 2328 lapidibus
612 2249 741 2309 exstare
764 2243 984 2311 confirmatum
1010 2265 1071 2312 nec
1092 2245 1190 2330 plane
1211 2242 1301 2310 dubi·

140 2363 260 2430 tationi
281 2363 373 2429 locus
388 2368 468 2446 erat,
490 2360 568 2446 quin
582 2368 639 2427 aut
653 2361 758 2447 pridie
772 2363 980 2450 exstitissent,
1003 2370 1060 2430 aut
1075 2364 1174 2431 etiam
1188 2370 1301 2431 nostra

141 2489 254 2551 aetate
276 2481 462 2566 diligentius
483 2480 752 2564 perscrutantium
775 2482 876 2548 oculis
898 2483 1013 2550 obviae
1034 2482 1158 2549 fierent.

228 2603 268 2666 In
290 2598 554 2667 commentariolo
584 2599 685 2666 titulis
706 2600 875 2666 subiunoto
898 2621 1009 2667 eornm
1030 2602 1085 2685 qui
1106 2608 1163 2668 aut
1185 2599 1301 2668 edidis-

139 2725 215 2798 sent
240 2726 297 2786 aut
317 2724 521 2786 tractassent
542 2717 674 2785 nomina
696 2725 730 2785 et
756 2718 856 2798 libros
877 2719 986 2806 attuli,
1012 2739 1223 2804 quaecunque
1243 2724 1301 2784 ant

141 2858 250 2906 rerum
277 2845 334 2932 ant
360 2839 591 2906 vocabulorum
623 2836 871 2932 explicationem
900 2841 1066 2923 postulare
1097 2839 1300 2923 videbantur,
1353 2825 1355 2828 ⁵

140 2957 255 3043 paucis
283 2957 460 3042 explanare
493 2957 601 3023 studui
626 2957 784 3042 simulque
813 2963 870 3022 aut
896 2964 1002 3024 certos
1030 2977 1151 3044 annos,
1185 2957 1300 3042 quibus

141 3075 293 3161 concepti
316 3083 426 3143 essent
446 3075 542 3162 tituli,
564 3082 621 3142 aut
639 3074 794 3160 temporis
809 3075 949 3160 spatium
963 3076 1114 3162 indicavi,
1137 3098 1200 3162 quo
1222 3077 1300 3144 alio·

138 3183 213 3262 rum
240 3195 405 3261 titulorum
430 3193 627 3279 argumentis
650 3195 684 3260 in
711 3196 984 3281 comparationem
1010 3197 1134 3264 vocatis
1162 3196 1299 3264 confecti

140 3335 217 3384 esse
237 3315 433 3382 riderentur.

228 3433 314 3500 Viris
335 3437 444 3498 autern
467 3431 629 3517 omnibus,
652 3432 706 3516 qni
728 3432 770 3500 de
792 3433 853 3499 hoo
874 3433 957 3500 libro
979 3441 1012 3501 et
1034 3437 1168 3504 consilio
1192 3444 1225 3504 et
1246 3458 1300 3504 au·

140 3551 223 3618 xilic
247 3550 367 3636 optime
389 3558 589 3637 mernerunt,
616 3549 900 3617 anoflnnnlzc
922 3560 955 3619 et
976 3555 1172 3623 VSENERO
1194 3555 1301 3641 impri-

140 3669 205 3734 mis
220 3669 457 3754 Bonnensibus,
474 3669 738 3754 praeceptoribus
753 3668 980 3756 dilectissimis,
1003 3672 1300 3742 KIROHHOFFIO

141 3787 364 3873 Berolinensi,
391 3788 569 3855 studiorum
596 3808 740 3854 meorum
768 3787 887 3856 fautori
914 3796 948 3855 et
974 3790 1114 3857 adiutori
1139 3793 1300 3876 benignis·

142 3907 237 3992 simo,
260 3906 359 3974 otiam
382 3905 536 3973 hocloco
559 3906 681 3989 gratim
702 3927 765 3990 ago
787 3927 868 3990 quas
890 3908 994 3976 debeo
1016 3909 1184 3977 maximas.

298 4043 485 4110 Scribebam
522 4043 664 4110 Berolini
702 4051 840 4110 exeunte
875 4064 987 4111 mense
1020 4044 1189 4120 Decembri
1222 4046 1300 4110 anni

140 4161 459 4228 MDOOGLXXXIL

624 4282 920 4360 GVILELMVS
945 4285 1194 4363 LARFELD.
