3232 5262
539 1578 949 1672 PRAllMONllNllA.

253 2023 295 2087 Vt
317 2027 430 2086 nostra
451 2018 654 2103 potissimum
680 2023 789 2083 aetate
810 2037 962 2100 magnum
984 2019 1071 2103 oepit
1091 2019 1324 2088 incrementum

162 2141 311 2206 Graeoae
333 2139 466 2222 linguae
487 2136 700 2202 dialeotorum
723 2135 873 2219 studium,
895 2136 942 2201 ita
963 2135 1052 2201 baud
1067 2138 1202 2221 exiguus
1216 2161 1323 2208 nume

162 2279 217 2323 rus
239 2277 353 2324 reeens
376 2255 499 2322 exstitit
519 2255 660 2321 virorum
683 2253 746 2320 boo
773 2255 952 2320 litterarum
974 2275 1094 2338 genere
1116 2257 1323 2344 eruditorum,

162 2377 219 2460 qui
252 2373 465 2462 pernoscendi
499 2373 656 2440 sermonis
678 2373 796 2440 Graeoi
829 2374 980 2440 studiosis
1007 2375 1176 2441 eommoda
1197 2397 1237 2443 ae
1258 2399 1325 2446 mo

161 2494 244 2560 dieis
266 2493 385 2559 finibus
407 2493 648 2576 oiroumsoripta
670 2493 815 2560 subsidia
837 2492 1047 2578 epigraphioa
1068 2495 1323 2578 suppeditarunt

156 2613 282 2682 ,Verum
305 2617 415 2679 tamen
440 2612 474 2677 in
501 2632 537 2678 re
559 2612 730 2678 utilissima
752 2631 955 2695 summopere
984 2611 1045 2676 hoo
1067 2618 1117 2677 est
1138 2613 1323 2700 dolendum,

164 2731 252 2814 quod
273 2729 487 2797 instrumento
514 2731 624 2797 oritioo
652 2738 709 2796 aut
735 2731 865 2797 omnino
891 2737 948 2796 aut
978 2731 1058 2796 satis
1079 2733 1188 2814 amplo
1211 2753 1324 2800 omnes

161 2849 231 2916 fere
258 2849 336 2916 illae
357 2849 602 2934 inseriptionum
635 2848 842 2915 oolleotiones
879 2857 954 2916 sunt
990 2849 1180 2934 destitutae,
1213 2857 1249 2916 ut
1280 2852 1324 2916 ad

163 2969 394 3053 eognosoenda
415 2968 524 3052 potius
546 2967 746 3050 singularum
767 2967 979 3034 dialeotomm
1002 2968 1195 3053 principalia
1215 2969 1324 3035 disori-

109 3157 111 3160 ,
161 3087 265 3170 mina,
299 3106 396 3170 quam
429 3087 472 3152 ad
505 3086 755 3170 uniusouiusque
787 3087 950 3170 propriam
983 3087 1204 3154 oondioionem
1226 3095 1324 3172 atque

129 3243 133 3252 ·
161 3206 306 3273 indolem
327 3204 588 3287 investigandam
609 3210 707 3270 natae
730 3225 803 3271 esse
824 3204 1005 3270 videantur.
1048 3205 1177 3271 Etenim
1197 3205 1230 3270 in
1252 3226 1324 3290 pro-

162 3324 275 3410 patulo
311 3332 360 3390 est
393 3324 548 3408 positum,
581 3323 746 3388 titulorum
780 3323 1009 3407 permultorum
1039 3325 1195 3391 lectiones
1217 3325 1324 3390 adhue

161 3443 317 3529 temporis
339 3451 405 3508 tam
431 3443 565 3506 multum
589 3441 716 3526 abesse,
744 3449 779 3507 ut
801 3442 887 3508 omni
902 3441 1103 3509 dubitatione
1125 3444 1189 3508 sint
1211 3463 1324 3528 exeep-

67 3623 72 3632 .
160 3571 225 3647 tae,
249 3570 284 3627 ut
308 3562 469 3628 editorum
491 3561 691 3644 exemplaria
713 3581 947 3645 saepenumero
964 3581 1036 3625 oum
1057 3561 1091 3626 in
1113 3561 1248 3645 singulis
1269 3582 1324 3628 vo-

161 3681 286 3748 eabulis
315 3688 381 3745 tum
408 3680 443 3744 in
468 3679 604 3762 integris
626 3680 773 3746 versibus
801 3679 1010 3745 enucleandis
1031 3679 1146 3744 mirum
1169 3687 1323 3762 quantum

159 3801 245 3866 inter
272 3820 308 3866 se
337 3799 531 3882 disorepent.
577 3795 735 3875 Quoeiroa
760 3797 794 3862 in
817 3797 990 3864 leotionum
1012 3797 1239 3881 disorepantiis
1262 3800 1324 3864 ool·

161 3918 301 4003 ligendis
323 3916 464 3983 studium
486 3935 526 3981 ao
547 3915 640 3981 labor
662 3923 737 3981 sunt
758 3915 919 4000 ponenda,
942 3935 1005 3998 quo
1029 3923 1062 3981 et
1080 3916 1256 3999 peritorum
1278 3917 1324 3982 in-

159 4035 265 4120 geniis
287 4055 390 4101 ansae
412 4035 628 4118 praebeantur
650 4035 693 4099 ad
716 4034 966 4118 diiudicandum,
989 4033 1103 4116 quibus
1125 4034 1228 4100 maior
1242 4035 1323 4104 fides

160 4155 203 4221 sit
225 4153 378 4220 habenda
400 4161 433 4220 et
453 4154 488 4219 in
510 4153 698 4220 litteraturis
720 4153 826 4218 dubiis
848 4172 886 4218 ao
908 4171 1014 4235 paene
1036 4151 1245 4238 oblitteratis,
1269 4155 1322 4238 qui

159 4274 204 4339 ad
227 4273 353 4358 lapidos
375 4272 481 4339 denuo
505 4272 753 4354 perserutandos
773 4271 857 4337 forte
871 4270 1039 4353 accedant,
1062 4270 1214 4357 babeant,
1237 4274 1323 4340 unde

158 4391 288 4458 faoilius
311 4411 407 4459 veras
431 4397 529 4474 atque
549 4391 694 4474 integras
715 4391 872 4457 leotiones
891 4390 1120 4472 adsequantur.
